3226 4734
708 248 911 336 *m-

248 443 328 508 nihil
359 443 392 507 in
425 442 464 507 iis
497 443 665 526 estquod
698 443 740 510 ad
773 447 935 530 certamen
968 441 1139 524 pertineat.
1195 441 1254 505 Est
1287 439 1371 506 enim

251 546 401 642 δέχεσθαι,
430 573 493 635 qno
521 556 619 634 polita
646 553 756 630 utitur,
785 551 845 618 hoc
873 552 944 628 loco
967 551 1046 616 nihil
1067 550 1154 615 aliud
1177 571 1279 650 quam
1297 570 1401 615 con-.

249 663 386 742 tinuare,
420 683 551 746 pergere
585 662 638 727 ubi
672 662 830 745 quispiam
864 662 966 728 desiit.
1023 661 1133 726 Risum
1167 649 1281 726 autem
1305 661 1372 726 vult

224 770 346 866 ‘potita
377 794 503 838 movere
535 773 653 855 quippe
679 773 734 855 qui
760 778 886 854 patrem
917 771 1011 838 aliter
1037 771 1134 854 idque
1166 770 1371 854 lepidissume

249 885 490 949 continuantem
519 881 620 946 faciat
646 902 684 946 ac
712 881 795 946 filius
822 903 914 946 orsus
943 888 1021 949 erat.
1075 881 1164 948 Adde
1192 880 1278 963 quod
1307 881 1371 946 duo

248 993 294 1058 illi
318 992 542 1076 Aristophanei
570 991 670 1058 eoolia
696 991 859 1058 cantanda
886 991 971 1056 nihil-
992 991 1054 1056 nisi
1080 998 1280 1073 praeparant
1305 992 1371 1058 filio
1408 1073 1409 1076 Ἴ

248 1104 342 1187 quasi
363 1110 489 1186 patrem
510 1102 652 1168 tabulam
669 1102 813 1168 docente.
845 1101 936 1166 Unde
952 1084 1089 1167 efficitur
1103 1106 1139 1165 ut
1154 1105 1252 1184 poeta
1267 1103 1371 1183 ipsum

234 1214 348 1280 seclia
370 1214 506 1279 canendi
528 1213 657 1278 modum
680 1212 885 1294 descripsisse
907 1232 1111 1294 nequaquam
1134 1212 1297 1294 putandus
1319 1213 1370 1281 sit.

301 1381 305 1392 ,
334 1324 444 1408 Neque
471 1325 532 1390 hoc
558 1324 813 1406 praetermittam
844 1323 931 1405 quod
964 1321 1102 1405 llgcnius
1135 1324 1167 1386 in
1196 1322 1315 1408 hymno
1337 1325 1371 1386 in

249 1434 442 1501 Mercurium
474 1433 643 1500 scoliornm
680 1433 793 1517 polisin
834 1434 1076 1498 commemorari
1109 1433 1290 1517 suspicatus
1313 1440 1391 1504 est„

250 1546 339 1610 Alter
361 1545 455 1610 huius
477 1544 627 1610 carminis
648 1543 737 1609 locus
758 1543 875 1626 legitur
896 1543 970 1608 inde
993 1564 1014 1609 a
1036 1564 1130 1609 versu
1153 1550 1218 1608 55.:

334 1694 376 1704 -
392 1695 432 1706 -·
455 1657 528 1724 tuse
543 1665 644 1744 κοῦροι
1200 1647 1202 1652 ’

333 1769 445 1850 ἡβηταὶ
461 1767 581 1850 θαλίῃσι
603 1765 775 1852 παραίβολα
790 1765 976 1854 κερτομέοισι
1001 1805 1036 1816 --
1104 1755 1106 1760 ¹

175 1889 182 1900 '
251 1877 334 1942 alter
355 1876 429 1940 inde
452 1897 472 1940 a
493 1895 586 1940 versu
609 1881 686 1940 480:

335 1989 460 2061 εὔκηλός
483 2012 531 2078 μιν
555 1993 660 2050 ἔπειτα
684 1987 779 2073 θέρειν
802 1991 842 2060 εἰς
865 1977 955 2050 δαῖτα
978 1987 1103 2050 θάλειαν
1190 1993 1191 1998 ’

335 2101 386 2162 καὶ
409 2099 496 2186 χορὸν
519 2097 678 2186 ἱμερόεντα
696 2099 751 2159 καὶ
774 2098 802 2170 ἐς
825 2088 992 2184 φιλοκυδέα
1014 2108 1125 2185 κῶμον.
1188 2090 1190 2094 ’

335 2207 424 2284 Quae
446 2206 525 2272 nihil
547 2205 590 2271 ad
612 2204 720 2289 scolia,
742 2226 851 2270 nerum
876 2205 918 2270 ad
940 2205 1111 2270 cavillandi
1130 2207 1214 2270 inter
1229 2227 1263 2270 se
1281 2207 1372 2290 juve·

250 2340 327 2382 num
348 2317 511 2402 pertinent
539 2315 689 2396 studium,
719 2315 806 2398 quod
833 2316 962 2400 quidem
991 2329 1054 2380 no'n
1082 2315 1166 2380 inter
1199 2315 1371 2382 bibendum

203 2413 211 2430 ⁹
251 2429 354 2516 modo
368 2429 425 2494 sed
446 2428 543 2493 etiam
567 2427 643 2492 alibi
657 2432 766 2510 potest
779 2427 858 2492 fieri.
1043 2507 1046 2512 Ι

227 2607 230 2618 ,
336 2538 455 2616 Quodsi
477 2558 601 2604 errasse
624 2537 713 2602 illum
735 2543 814 2620 puto
837 2537 924 2620 quod
947 2538 1129 2602 certaminis
1146 2538 1282 2602 formam
1303 2557 1372 2602 scn-

250 2649 301 2713 liis
324 2649 445 2728 tribuit,
468 2648 562 2732 hanc,
586 2654 622 2713 ut
644 2647 773 2712 omnino
788 2646 922 2712 liberam
945 2647 1104 2730 nullisque
1122 2654 1230 2730 certae
1244 2647 1373 2730 regulae

250 2760 373 2842 legibus
400 2760 587 2826 adstrictam
615 2758 835 2824 recitationem
862 2757 960 2824 luisse
987 2759 1096 2838 statui,
1125 2779 1290 2842 nunquam
1317 2758 1373 2823 ad·

152 2881 155 2886 ’
252 2871 385 2935 hibitam
409 2891 478 2935 csse
501 2870 647 2953 equidem
670 2891 734 2935 non
757 2869 900 2934 dixerim.
938 2867 1030 2933 illud
1052 2889 1132 2956 nego
1155 2868 1195 2934 de
1217 2888 1256 2934 ea
1278 2889 1312 2932 re
1335 2888 1375 2932 ex

252 2959 316 3044 tam
342 2981 475 3046 infirmis
498 2981 694 3064 argumentis
717 2981 796 3044 certi
819 2980 941 3063 aliquid
963 3000 1058 3061 posse
1080 2979 1228 3044 condudi.
1351 2974 1357 2982 ”

337 3092 494 3169 Quoniam
532 3092 572 3157 de
611 3089 780 3158 scoliorum
814 3091 935 3174 origiue
974 3111 1097 3173 usuque
1130 3089 1210 3155 satis
1247 3090 1375 3172 copiose

252 3202 369 3266 dixisse
396 3203 474 3267 mihi
501 3202 618 3280 videor,
640 3206 744 3286 restat
773 3201 863 3266 utin
885 3222 990 3284 pauca
1012 3200 1174 3266 conferam
1197 3221 1281 3283 qnae
1303 3221 1374 3264 sen-

252 3313 331 3376 tiam
362 3313 402 3378 de
424 3335 464 3378 ea
484 3333 528 3378 re.
565 3312 725 3395 Originem
747 3310 917 3376 scoliorum
947 3331 1011 3375 non
1034 3311 1113 3376 satis
1136 3316 1282 3394 apertam
1305 3329 1375 3374 esse

252 3443 311 3487 nec
344 3431 492 3489 constare
525 3422 564 3488 de
596 3423 772 3502 inventore,
807 3424 935 3487 exculta
962 3427 1070 3486 autem
1099 3441 1168 3486 esse
1196 3440 1236 3485 ea
1259 3420 1329 3502 jam
1356 3439 1377 3484 a
1427 3431 1430 3436 ’
1471 3443 1473 3449 ’

252 3534 365 3615 priscis
380 3533 486 3618 lyricis
501 3554 682 3617 nomenque
698 3538 858 3615 accepisse
880 3531 920 3597 ab
948 3530 1059 3596 ordine
1085 3530 1268 3596 canentium
1285 3530 1377 3614 quasi

251 3645 378 3712 inflexo.
423 3644 625 3710 Continuisse
651 3643 813 3726 permulta
841 3641 941 3707 seclia
968 3641 1077 3707 brevia
1102 3647 1278 3725 praecepta
1299 3661 1376 3724 gno·
1424 3711 1427 3718 ,

253 3775 396 3838 masque,
424 3757 562 3821 recitata
590 3761 698 3820 autern
722 3775 791 3818 esse
818 3754 851 3817 in
879 3752 1028 3818 conviviis
1062 3772 1161 3836 eaque
1189 3771 1209 3816 a
1238 3751 1377 3835 pruden-

250 3865 399 3945 tioribus,
425 3867 474 3931 ita
503 3872 610 3931 tamen
634 3864 782 3930 utnulla
810 3868 895 3928 esset
916 3869 1005 3928 certe
1027 3884 1065 3930 ac
1087 3862 1220 3928 definita
1241 3863 1378 3928 canendi

256 3975 374 4056 regula.
