3226 4734
691 304 895 314 —u-————-

230 415 361 480 incertis
382 415 493 479 metris
515 415 563 478 usi
587 393 690 478 sum.
726 415 870 498 11001000
900 415 950 479 001
973 419 1101 479 0000101
1123 415 1162 479 10
1184 408 1353 480 scoliorum

231 529 334 590 metro
349 524 494 588 incerto?
521 523 606 589 Sene
620 545 713 589 nemo
728 524 775 589 rei
787 525 938 589 metricae
952 524 1075 606 peritus
1089 523 1133 588 1111
1151 525 1353 590 assentietur.

317 632 438 698 Eodem
471 655 511 698 ex
542 633 631 698 fonte
659 633 847 700 Santonium
878 633 1035 698 Batavum
1070 635 1126 713 (ad
1152 633 1220 698 Ter.
1249 633 1354 700 Maur.

232 763 329 808 cerm.
352 742 391 807 de
413 749 505 810 metr.
521 743 558 807 V.
578 751 659 809 1418
682 765 713 827 p.
731 743 1030 823 041401.Ρο10010
1053 741 1182 810 01101101.
1199 743 1285 810 Gott.
1303 742 1355 828 V.)

233 851 377 917 hausisse
400 853 506 931 miror,
530 854 585 935 qui
608 853 739 919 Schotto
755 859 788 919 et
803 853 965 918 Nunnesio
988 853 1045 935 (ad
1059 852 1165 918 Procli
1179 853 1354 920 Chrestom.

232 984 263 1045 p.
284 962 336 1046 10)
358 962 516 1026 100001000
538 984 572 1027 00
593 963 712 1028 multos
733 964 766 1027 in
786 962 891 1030 scoliis
907 961 1154 1046 amphibrachos
1170 964 1356 1028 notantibus

233 1078 353 1137 temere
376 1071 546 1138 crediderit
569 1092 607 1137 00
624 1077 757 1156 propter
770 1072 865 1138 huius
880 1072 970 1156 pedis
984 1072 1192 1154 partitionem
1207 1093 1228 1137 a
1243 1073 1357 1138 ceteris

232 1181 390 1266 rhythmis
413 1181 638 1247 abhorrentem
661 1202 776 1246 nomen
798 1182 968 1248 scoliorum
991 1189 1096 1247 ortum
1112 1203 1182 1247 esse
1196 1181 1355 1248 statuerit.

235 1294 386 1357 Attamen
408 1291 473 1356 illic
499 1294 532 1358 in
560 1290 700 1356 tenebris
727 1311 761 1355 se
789 1293 910 1357 versari
936 1291 1036 1357 libere
1064 1291 1185 1358 latetur
1210 1312 1270 1356 nec
1296 1291 1358 1376 ipsi

234 1401 275 1466 de
305 1400 474 1468 scoliorum
504 1406 605 1466 metro
629 1401 708 1466 certi
736 1399 912 1483 quidquam
940 1408 1097 1468 constare.
1147 1403 1189 1468 Et
1215 1401 1357 1486 proiecto

236 1533 335 1576 unum
358 1518 484 1577 tantum
508 1516 615 1577 exstet
632 1510 812 1594 exemplum
826 1510 1052 1579 versiculorum
1068 1533 1108 1577 ex
1122 1511 1359 1596 amphibrachis

236 1621 484 1705 compositorum
506 1621 603 1704 idque
624 1640 854 1704 germanumne
880 1622 923 1686 011
950 1643 992 1687 00
1018 1624 1125 1707 potius
1155 1643 1175 1687 a
1197 1621 1359 1706 Dionysio,

236 1732 292 1814 qni
313 1731 393 1796 illud
415 1731 523 1814 prodit
536 1732 570 1795 in
585 1731 667 1798 libro
682 1731 722 1796 de
738 1753 839 1816 comp.
857 1732 953 1813 verb,
976 1731 1111 1797 docendi
1127 1753 1225 1797 causa
1238 1731 1359 1797 factum

236 1820 329 1907 tuse
351 1842 483 1907 dubium
506 1846 565 1908 est.

321 1952 371 2016 Ex
392 1953 506 2018 ceteris
528 1954 602 2018 viris
624 1952 736 2032 doctis,
760 1953 815 2035 qui
836 1952 920 2017 hanc
940 1973 1008 2018 rem
1023 1958 1253 2032 tractaverunt,
1277 1964 1360 2017 unus·

239 2061 316 2128 mihi
331 2062 470 2128 maxime
485 2062 781 2129 commemorandus
796 2063 921 2128 ridetur
936 2083 1015 2143 esse,
1032 2063 1103 2128 Gar.
1117 2064 1197 2129 Der.
1212 2062 1359 2146 ilgenius.

238 2179 268 2238 Is
291 2193 416 2238 summa
438 2195 510 2238 cum
531 2173 697 2257 diligentia
717 2174 824 2239 varias
845 2173 988 2256 priorum
1012 2173 1052 2238 de
1074 2194 1168 2239 care
1183 2173 1360 2238 sententias
1422 2253 1424 2257 ι

131 2276 141 2368 J
237 2283 396 2366 congessit
418 2284 608 2368 copioseque
630 2304 714 2367 qnae
735 2284 804 2366 ipse
820 2285 954 2349 sentiret
969 2284 1126 2366 exposuit.
1163 2282 1229 2348 Nec
1244 2303 1361 2367 operae

237 2392 375 2475 pretinm
398 2400 482 2460 esset
503 2403 577 2477 post
605 2395 694 2459 illum
717 2394 893 2478 quidquam
920 2395 960 2460 de
987 2415 1027 2459 ea
1054 2416 1089 2460 re
1118 2394 1271 2473 scribere,
1299 2392 1361 2458 nisi

238 2503 408 2586 aliquoties
440 2505 582 2588 longius,
619 2514 655 2571 ut
684 2506 832 2589 equidem
859 2513 952 2594 puto,
986 2506 1209 2590 processisset,
1246 2505 1294 2570 110
1325 2509 1362 2568 01

239 2615 394 2682 00000110
421 2618 609 2701 corrigenda
641 2617 813 2701 reliquerit.
870 2618 932 2684 Sed
960 2638 1044 2701 quae
1070 2617 1124 2684 1110
1150 2617 1363 2702 disputaverit

181 2721 187 2730 ⁸
240 2731 377 2796 breviter
394 2731 463 2815 jam
486 2729 636 2798 dicemus.
1279 2809 1282 2814 ¹

324 2843 531 2928 Popularium
546 2845 723 2910 carminum
738 2865 871 2910 numero
887 2843 1019 2926 ascribit
1034 2843 1133 2909 000110
1148 2862 1235 2925 0000
1246 2847 1363 2906 000001

239 2975 341 3038 00000
364 2961 531 3039 comparat
553 2976 625 3020 cum
648 2957 774 3041 hymnis
789 2956 924 3039 aliisque
946 2955 1040 3020 huius
1054 2954 1179 3038 generis
1195 2952 1363 3032 cantilenis

239 3087 323 3157 0000
344 3065 471 3151 publice
486 3067 685 3132 canebantur
707 3068 803 3134 certis
818 3065 1039 3134 occasionibus
1057 3071 1115 3130 ant
1129 3063 1242 3130 diebus
1263 3061 1362 3128 lestis.
1382 3065 1385 3070 '

240 3182 347 3261 Atque
375 3199 496 3243 morem
525 3178 568 3242 01
596 3178 752 3243 citharam
780 3179 865 3243 inter
892 3177 1028 3262 scyphos
1051 3173 1188 3241 canendi
1210 3173 1363 3256 originem

240 3289 367 3354 trahere
389 3309 429 3353 ex
450 3289 612 3372 religione.
658 3289 736 3354 Cum
759 3288 989 3372 antiquissimis
1012 3286 1209 3370 temporibus
1231 3285 1362 3351 deorum

241 3406 367 3464 tantum
383 3399 495 3464 laudes
511 3400 576 3464 0100
590 3400 725 3484 hymnos
740 3407 937 3485 cantassent,
959 3396 1129 3483 paullatim
1150 3396 1214 3461 alia
1236 3416 1364 3479 quoque

236 3510 405 3594 amplexos
431 3533 510 3593 esse,
540 3512 693 3578 hilariora
721 3518 753 3578 01
782 3511 949 3577 iocosiora.
1000 3508 1127 3574 Genera
1154 3513 1262 3573 autem
1289 3495 1364 3570 con·

241 3623 389 3689 rivalium
418 3624 593 3710 carminum
621 3645 691 3688 esse
719 3629 867 3706 quatuor,
895 3643 934 3687 ex
966 3621 1082 3704 quibus
1104 3618 1204 3684 000110
1225 3619 1364 3683 maxime

241 3733 470 3816 memorabilia.
534 3742 568 3800 ln
603 3733 789 3818 quaerenda
830 3733 966 3798 nominis
999 3751 1099 3797 00000
1133 3729 1364 3794 Dicaearchum

242 3846 387 3929 sequitur
408 3846 548 3928 itemque
571 3847 775 3910 Artemonem
800 3851 833 3908 01
854 3841 1072 3910 Plutarchum.
1115 3840 1310 3924 Rhythmum
1331 3839 1364 3904 in

161 3987 166 3998 ·
242 3956 346 4022 scoliis
374 3977 438 4021 non
467 3955 565 4021 alium
591 3955 689 4022 fuisse
712 3963 810 4039 atque
837 3955 870 4019 in
899 3953 970 4018 aliis
992 3951 1187 4018 carminibus
1210 3971 1269 4015 nec
1290 3950 1365 4014 inde

242 4091 372 4139 oausam
396 4068 533 4133 nominis
554 4067 773 4153 repetendam.
804 4063 912 4130 Talem
936 4069 1044 4128 autem
1058 4063 1091 4126 ih
1107 4061 1257 4128 conviviis
1272 4079 1365 4126 usum
