3226 4734
798 232 837 289 10

717 315 922 324 Μ

258 425 300 488 ab
323 423 378 490 illo
401 426 552 490 recitatas
574 424 661 490 nullo
690 433 777 490 certo
804 426 925 492 ordine.
976 425 1087 490 Fuisse
1110 431 1218 490 autem
1240 428 1384 509 suspicor
1454 477 1457 484 ,

257 534 349 599 initio
372 536 465 619 quasi
487 535 597 600 florem
612 536 729 619 poesis,
752 557 815 600 non
832 535 1003 619 unicuique
1026 541 1112 615 nota,
1135 536 1233 620 plena
1255 540 1383 601 senten·

259 643 388 724 tiaram,
413 666 476 710 non
500 647 568 710 sine
591 645 667 711 sale.

343 752 425 819 Nam
450 777 522 819 eum
544 755 670 820 illorum
694 777 775 838 quos
797 776 896 838 supra
914 756 1159 832 commemoravi
1182 754 1383 822 diversitates

258 861 415 942 omiseris,
451 866 483 929 in
510 866 571 931 hoe
599 886 709 930 omnes
734 865 801 930 fere
834 866 1052 946 consentiunt,
1086 865 1173 949 quod
1206 862 1385 938 difficiliora

258 971 370 1036 dicunt
402 974 501 1039 seolia
533 974 646 1053 fuisse,
684 975 731 1039 ita
765 980 801 1039 ut
832 974 1056 1058 prudentiores
1089 972 1312 1040 tantummodo
1345 973 1384 1036 iis

258 1088 435 1150 uterentur.
481 1083 586 1162 Quare
610 1085 789 1152 difficiliora
810 1085 943 1167 luerint,
977 1086 1009 1149 in
1037 1087 1159 1150 incerto
1189 1081 1383 1166 relinquunt.

258 1191 415 1273 Equidem
438 1195 515 1260 satis
538 1194 640 1261 habeo
659 1195 848 1261 'difficiliora
875 1195 972 1262 fuisse
1001 1196 1100 1262 soolia
1126 1216 1186 1260 nec
1214 1192 1384 1275 unicuique

259 1309 345 1366 uota.
388 1302 451 1367 Cur
465 1302 547 1368 hoe?
584 1305 703 1390 Vulgus
727 1306 875 1371 nimirum
897 1305 1070 1390 populares
1091 1311 1181 1370 amat
1194 1302 1384 1386 cantilenas,

258 1411 467 1492 laudatorias,
484 1413 708 1496 cavillatoriae,
722 1417 906 1483 amatorias.
937 1416 1140 1483 Doctioribus
1152 1435 1226 1480 vero
1238 1401 1385 1496 giaviora

259 1521 360 1604 magis
404 1522 534 1605 placent
575 1545 659 1607 quae
696 1525 824 1608 quidem
861 1527 938 1610 quia
974 1549 1038 1597 non
1076 1525 1224 1591 omnibus
1261 1529 1384 1610 patent,

258 1631 439 1696 hominibus
464 1633 568 1699 miuus
591 1635 724 1700 eruditis
746 1636 895 1703 videntur
923 1658 992 1702 esse
1019 1636 1149 1702 insolita
1171 1654 1210 1700 ae
1232 1632 1384 1700 difficilia.

260 1741 444 1808 Athenaeus
462 1743 600 1826 quidem
628 1747 676 1810 ita
704 1747 781 1814 dicit
809 1747 829 1810 l.
852 1746 918 1813 XV.
943 1769 974 1832 p.
1000 1755 1076 1812 694:
1121 1750 1156 1812 τὰ
1187 1738 1220 1810 δὲ
1248 1745 1394 1810 τοιοῦτον

259 1847 353 1941 ᾔδετο
391 1856 484 1918 ὁπότε
521 1856 561 1918 τοὶ
598 1859 683 1922 κοινὰ
721 1862 770 1922 καὶ
806 1870 896 1922 πᾶσιν
939 1863 1090 1948 ἀναγκαῖοι
1126 1858 1213 1930 τέλος
1249 1856 1385 1939 λάβοιεν·

259 1975 468 2034 τηνικαῦτα
499 1966 567 2054 γὰρ
600 1960 781 2060 ἤδηῠτῶν
814 1980 935 2058 σοφῶν
974 1971 1135 2034 ἕκαστον
1171 1959 1268 2049 ᾠδήν
1304 1989 1386 2028 τινα

260 2075 377 2145 καλὴν
411 2081 462 2150 εἰς
497 2082 610 2165 μέσην
643 2073 769 2154 ἠξίουν
802 2087 1029 2170 προσφέρειν.
1074 2080 1170 2150 καλὴν
1205 2069 1239 2142 δὲ
1272 2076 1386 2145 ταύτην

262 2178 396 2269 ἐνόμιζον
410 2188 466 2257 τήν
484 2191 706 2290 παραίνεσίν
726 2191 766 2256 τέ
788 2216 872 2255 τινα
888 2195 950 2255 καὶ
965 2194 1115 2283 γνώμην
1131 2195 1209 2277 ἔχειν
1225 2182 1384 2266 δοκοῦσαν,

261 2297 441 2382 χρησίμην
469 2320 508 2362 τε
537 2305 587 2376 εἰς
615 2305 680 2366 τὸν
709 2307 799 2388 βίον.
844 2303 926 2368 Sunt
947 2301 1083 2368 fortasse
1106 2299 1186 2364 haee
1207 2298 1326 2362 hausta
1347 2316 1387 2361 ex

261 2403 442 2470 Artemonis
476 2407 566 2474 libris
599 2412 697 2476 sicuti
725 2413 782 2480 illa
809 2434 893 2498 quae
922 2411 1124 2478 antecedunt.
1178 2409 1263 2477 Satis
1290 2406 1387 2491 igitur

260 2512 334 2578 inde
357 2535 493 2598 apparet
520 2527 617 2593 luisse
639 2528 671 2591 in
702 2526 807 2591 scoliis
835 2526 998 2608 sapientes
1024 2523 1182 2605 utilesque
1210 2517 1386 2606 sententias

262 2649 299 2694 2⁰
326 2645 507 2720 praecepta.
559 2637 654 2706 Addo
681 2639 779 2703 etiam
808 2637 961 2722 Hesychii·
986 2634 1085 2699 verba
1112 2634 1245 2698 haecce:
1280 2632 1387 2693 σκόλια

263 2749 317 2817 τὴν
332 2723 481 2836 παροίνιον
497 2742 579 2832 ᾠδὴν
594 2751 689 2826 οὕτως
705 2756 810 2840 ἔλεγον
825 2756 859 2813 οὐ
876 2740 926 2813 διὰ.
942 2751 993 2815 τὸν
1008 2748 1252 2836 τῆς’ρ,ελοποιΐος
1267 2743 1386 2829 τρόπον,

263 2857 309 2919 ὅτι
333 2861 450 2935 σκολιὸς
473 2856 523 2944 ἦν,
553 2863 620 2926 ἀλλ’
643 2863 692 2926 ὅτι
703 2867 772 2952 οὐχ
792 2867 923 2937 ἅπαντες
952 2854 1027 2951 ᾖδον
1051 2867 1144 2941 αὐτοὶ,
1174 2859 1254 2924 ἀλλὰ
1278 2863 1387 2946 μόνον

263 2974 289 3031 οἱ
318 2972 440 3034 συνετοί.
495 2972 643 3056 idemque
680 2979 829 3038 statuunt
866 2974 1081 3044 Dicaearchus
1117 2980 1150 3037 et
1187 2968 1386 3046 Plutarchus,

263 3100 397 3160 quorum
422 3084 597 3148 sententias
621 3105 720 3167 supra
741 3086 995 3153 commemoravi.

350 3193 392 3255 At
434 3194 596 3275 permulta
628 3217 712 3279 quae
753 3196 845 3262 nobis
882 3204 1054 3280 supersunt
1090 3194 1189 3260 soolia
1225 3193 1258 3256 in
1292 3193 1388 3257 istam

263 3303 454 3368 sententiam
483 3305 612 3371 minime
641 3307 804 3389 quadrant
833 3329 936 3392 neque
966 3307 1065 3373 ullum
1093 3311 1301 3389 praeceptum
1331 3308 1389 3368 aut

263 3411 328 3476 tale
350 3413 427 3495 quid
451 3418 623 3483 continent.
669 3418 753 3484 Sane
783 3439 835 3483 res
863 3440 932 3484 sese
963 3421 1011 3485 ita
1039 3418 1152 3483 habet:
1187 3437 1251 3482 non
1275 3413 1389 3504 'omnia

263 3544 347 3605 quae
363 3526 532 3593 seoliorum
553 3529 681 3595 nomine
698 3529 972 3610 circumferuntur,
996 3529 1137 3613 sapiunt,
1162 3533 1195 3592 ut
1210 3527 1258 3592 ita
1272 3525 1387 3602 dicam,

264 3635 465 3717 sapientiam.
512 3642 663 3707 Attamen
694 3641 771 3725 quid
799 3641 933 3724 impedit
961 3641 1131 3724 quominus
1160 3635 1390 3721 antiquissimis

263 3749 460 3829 temporibus
483 3774 539 3818 eas
559 3759 685 3818 tanturn
702 3751 881 3818 cantilenas
896 3752 1066 3818 seoliorum
1083 3747 1390 3830 numeroasen'ptas

264 3879 333 3922 esse
367 3855 572 3944 arbitremur,
611 3869 641 3928 in
662 3847 792 3947 ¹quibus
827 3867 1000 3946 praecepta
1035 3861 1155 3926 fuerint
1191 3861 1275 3924 vitae
1309 3859 1389 3924 bene

264 3971 509 4039 constituendae
533 3974 584 4040 vel
604 3975 653 4039 his
677 3973 801 4050 similia,
824 3977 894 4038 tum
916 3971 1086 4055 paullatim
1103 3973 1230 4038 inscitia
1245 3967 1391 4036 videlicet

264 4083 394 4164 originis
416 4084 666 4168 principalisque
688 4084 777 4150 verbi
798 4082 1039 4168 significationis
1054 4081 1119 4148 alia
1142 4103 1269 4166 quoque
1289 4096 1390 4163 parva
