3226 4734
719 263 923 356 -Ξ-

260 455 495 547 πεπαιδευμένος
517 461 669 546 ἐλάμβανε
692 463 742 523 καὶ
764 453 838 548 ᾖδεν
861 453 1072 548 ἁρμοζόμενος,
1098 471 1158 524 τῶν
1182 451 1221 524 δά
1244 459 1383 548 άμοιίσων

260 573 295 630 οὐ
327 569 543 655 προσιεμένων,
578 570 697 633 σκολιόν
726 569 890 656 ὠνομάσίλη
919 572 955 633 τό
984 571 1025 658 μη
1054 571 1152 634 κοινόν
1180 575 1273 634 αὐτοῦ
1304 561 1382 658 μηδὲ

259 669 360 764 ῥᾴδιον
498 677 587 742 ἄλλοι
615 669 648 742 δέ
676 701 748 766 φασι
775 681 830 749 τὴν
858 681 997 765 μυρσίνην
1025 683 1059 742 οὐ
1087 673 1219 754 καθεξῆς
1241 669 1381 762 βαδίζειν,

260 789 341 851 ἀλλὰ
368 787 437 850 καθ’
469 788 598 852 ἕκαστον
629 789 677 851 ἐπὶ
711 791 815 858 κλίνην
843 779 1045 878 διαφέρεσθαι.
1084 791 1137 852 τόν
1172 791 1230 878 γάρ
1262 798 1382 876 πρῶτον

259 898 376 961 άσαντα
397 910 442 980 τῷ
457 898 573 985 πρώτῳ
603 909 658 972 τῆς
680 891 822 985 δευτέρας
849 902 949 972 κλίνης
977 900 1184 978 ἀποστέλλειν,
1213 906 1325 963 ἐκεῖνον
1348 894 1382 963 δὲ
1451 883 1455 890 ’

257 1016 303 1088 τῷ
331 1009 442 1094 πρώτῳ
468 1017 524 1082 τῆς
545 1011 657 1094 τρίτης,
687 1005 754 1071 εἶτα
781 1009 835 1072 τόν
863 998 1001 1095 δεύτερον
1030 1010 1138 1095 ὁμοίως
1167 1021 1212 1091 τῷ
1240 999 1380 1096 δευτέρῳ.

259 1117 309 1179 καλ
331 1119 367 1180 τό
390 1105 529 1180 ποικίλον
547 1119 599 1179 καὶ
621 1117 826 1205 πολυκαμπὲς,
851 1123 890 1192 ὡς
912 1125 1001 1197 ἔοικε,
1024 1129 1078 1191 τῆς
1100 1110 1238 1205 περιόδου
1261 1121 1381 1183 σκολιόν

257 1227 430 1316 ωνομάσίλη.
479 1225 570 1290 Prior
592 1219 779 1290 Dicaearchi
807 1226 968 1290 sententia
994 1231 1043 1291 est
1071 1233 1168 1292 aucta
1190 1231 1222 1292 et
1244 1225 1381 1314 amplifi·

258 1342 342 1415 cata,
376 1336 505 1401 omnino
540 1341 648 1400 autem
682 1355 746 1400 non
779 1341 920 1416 mutata3
956 1336 1165 1418 posteriorem
1200 1335 1382 1400 Aristoxeni
1473 1391 1479 1404 .

258 1444 475 1529 Phyllidisquc
496 1467 561 1510 non
583 1446 630 1510 ita
643 1443 838 1532 ‘dissimilem
853 1465 922 1510 esse
945 1447 1016 1528 quis
1039 1467 1102 1512 aon
1124 1446 1230 1511 videt?
1263 1444 1383 1522 Quum-¹

258 1578 354 1642 quam
376 1557 421 1621 illi
445 1555 530 1638 apud
547 1555 678 1619 Suidam
693 1561 826 1638 propter
840 1555 939 1621 lectos
960 1555 1091 1641 obliqua
1112 1557 1237 1622 ratione
1259 1555 1381 1638 positos

257 1666 413 1731 ambitum
435 1665 503 1730 fieri
525 1664 690 1748 obliquum
704 1671 832 1748 putent,
855 1664 911 1730 scd
934 1687 995 1748 quo
1018 1665 1130 1732 ordine
1146 1674 1313 1732 cantatum
1328 1666 1380 1744 sit

240 1763 367 1842 'omnes
395 1776 545 1858 deinceps
572 1774 768 1858 singulorum
796 1774 985 1840 lectulorum
1012 1797 1213 1842 consessores
1240 1782 1381 1860 myrtum

257 1887 399 1970 ceperint
430 1907 470 1952 an
504 1885 563 1950 tali
585 1884 713 1968 qualem
735 1885 787 1948 hic
801 1885 935 1969 legimus
949 1887 1085 1966 ratione,
1107 1885 1204 1969 plane
1221 1886 1380 1950 incertum

256 1996 455 2080 relinquitur.
500 1996 640 2061 Possunt
662 2014 735 2077 ergo
761 1994 808 2059 illi
829 1995 914 2060 idem
944 1998 1095 2062 statuisse
1118 2018 1157 2062 ac
1178 1996 1378 2063 Plutarchus.

257 2107 320 2172 Sed
334 2106 412 2190 quid
433 2109 466 2171 in
482 2105 574 2189 nugis
589 2105 743 2187 vanisque
764 2104 848 2169 ludis
864 2105 984 2171 diutius
998 2108 1184 2171 versamur?
1213 2107 1380 2190 Vagantnr

256 2217 302 2281 illi
335 2216 421 2300 quod
449 2216 527 2281 nihil
556 2216 635 2281 certi
664 2215 777 2282 afferre
799 2223 943 2299 possunt.
1001 2217 1095 2282 Certe
1126 2217 1285 2300 posterior
1316 2216 1380 2281 ista

257 2328 417 2392 sententia
439 2327 575 2409 speciem
598 2327 692 2392 nimis
714 2327 852 2410 quaesiti
874 2333 907 2392 et
929 2327 1022 2410 quasi
1043 2347 1101 2410 per
1123 2327 1186 2391 vim
1208 2327 1380 2410 excogitati

256 2457 334 2520 pree
349 2457 383 2502 se
397 2437 503 2501 ferens
516 2437 647 2501 minime
661 2436 846 2520 probabilis,
863 2457 973 2501 verum
985 2437 1115 2502 omnino
1126 2437 1307 2521 respuenda
1320 2442 1377 2501 est.

341 2546 389 2610 Ad
412 2546 604 2614 Dicaearchi
630 2546 696 2613 fere
723 2546 852 2612 modum
880 2546 1036 2612 Athenaei
1062 2547 1188 2612 accedit
1209 2547 1379 2613 scoliorum

256 2658 436 2741 explicatio.
481 2658 513 2725 Is
528 2659 611 2723 enim
635 2679 707 2722 cnm
729 2657 956 2722 modulationis
973 2677 1073 2738 genus
1095 2678 1226 2723 causam
1242 2658 1379 2723 nominis

255 2769 352 2835 fuisse
396 2777 504 2853 neget,
537 2772 723 2838 Artemonis
764 2771 955 2837 Cassandrei
1000 2772 1143 2854 sequitur
1175 2770 1378 2850 sententiam,

255 2886 391 2950 fortasse
413 2886 485 2968 ipsa
506 2885 591 2950 illius
613 2885 711 2950 uerba
733 2883 877 2950 afferens.
949 2885 1062 2950 Totum
1090 2882 1251 2950 Athenaei
1272 2881 1377 2947 locnrn

255 2995 307 3060 hic
340 3003 467 3062 exstare
488 2995 567 3061 libet
589 2996 636 3075 (L.
660 2996 727 3062 XV.
750 3018 781 3080 p.
807 3003 868 3060 eet
892 2996 978 3080 Cae.)
1027 3001 1135 3061 σκολιά
1158 2993 1192 3061 δὲ
1214 3001 1378 3061 καλοῦνται

256 3113 290 3173 οὐ
314 3110 394 3172 κατά
421 3109 472 3170 τὸν
495 3118 548 3181 τῆς
575 3111 751 3196 μελοποιίας
777 3111 896 3195 τρόπον,
927 3107 1003 3181 ὅςτις
1030 3109 1147 3182 σκολιός
1170 3103 1220 3178 ἦν·
1257 3109 1378 3196 λέγουσι

255 3222 313 3310 γὰρ
335 3221 375 3283 τά
398 3222 429 3283 έν
451 3231 516 3293 ταῖς
538 3219 702 3306 ἀνειμέναις
719 3218 793 3282 εἶναι
808 3223 930 3282 σκολιά·
962 3219 1043 3281 ἀλλά
1058 3229 1146 3306 τριῶν
1162 3231 1257 3309 γενῶν
1273 3219 1377 3297 ὄντων,

255 3334 294 3407 ὥς
317 3353 405 3418 φησιν
428 3329 579 3417 Ἀρτέμων
605 3315 633 3392 ό’
647 3321 855 3414 Κασσανδρεὺς
884 3331 914 3392 ἑν
942 3323 1072 3416 δευτέρῳ
1100 3331 1205 3412 βιβλίῳ
1234 3329 1376 3418 χρήσεως,

255 3445 286 3505 έν
308 3436 350 3514 οἷς
371 3441 412 3503 τά
434 3442 500 3528 περὶ
522 3439 575 3513 τάς
598 3441 750 3514 συνουσίας
772 3434 808 3508 ἦν
831 3430 975 3525 ᾀδόμενα,
999 3433 1041 3500 ὧν
1062 3440 1098 3502 τό
1121 3440 1174 3526 μὲν
1195 3449 1314 3526 πρῶτον
1330 3435 1376 3520 ἦν,

256 3551 271 3614 ὃ
295 3543 333 3621 δη
354 3549 469 3624 πάντας
496 3540 579 3632 ᾄδειν
607 3551 695 3637 νόμος
720 3545 756 3620 ἦν
793 3552 829 3613 τό
857 3541 890 3613 δὲ
919 3541 1066 3636 δεύτερον,
1093 3548 1109 3612 ὃ
1132 3542 1170 3619 δν,
1191 3549 1301 3624 πάντες
1323 3550 1378 3638 μὲν

254 3654 338 3748 ρἰδον,
362 3665 397 3722 οὐ
420 3663 478 3748 μην
500 3659 582 3723 ἀλλά
604 3681 641 3748 γε
663 3659 744 3722 κατά
776 3684 844 3724 τινα
866 3651 1003 3754 περίοδον
1032 3652 1064 3733 ἐξ
1094 3651 1254 3748 ὑποδοχῆς,
1276 3662 1377 3746 τρίτον

255 3762 289 3832 δὲ
311 3772 364 3833 καὶ
385 3771 442 3840 τὴν
466 3773 514 3834 ἐπὶ
536 3780 608 3834 πᾶσι
630 3763 715 3844 τάξιν
739 3778 816 3859 ἔχον,
840 3765 874 3834 οὗ
891 3782 1029 3858 μετεῖχον
1052 3769 1153 3833 οὐκέτι
1167 3770 1288 3852 πάντες,
1311 3769 1377 3835 ἀλλ’

256 3885 283 3942 ol
305 3883 422 3944 συνετοὶ
444 3872 603 3955 δοκοῦντες
623 3878 702 3944 εἷναν
725 3883 809 3962 μόνοι
838 3882 987 3954 καὶκατὰ
1008 3881 1103 3944 τόπον
1124 3882 1192 3944 τινά
1215 3887 1240 3944 εἰ
1259 3881 1377 3968 τύχοιεν

255 3991 348 4085 ὄντες.
394 3980 496 4078 διόπερ
520 3997 559 4064 ὡς
581 3985 708 4065 ἀταξίαν
730 3991 796 4054 τινά
819 3995 909 4077 μόνον
931 3989 1136 4082 copdallia
1158 3997 1225 4080 έχον
1248 3991 1283 4053 τό
1306 3989 1377 4076 μηδ’

255 4103 321 4189 ἅμα
342 4101 413 4188 μηδ’
435 4094 502 4176 ἑξῆς
517 4101 688 4190 γενόμενον,
710 4099 777 4164 ἀλλ’
799 4101 874 4166 ὅπου
896 4107 1001 4192 ἔτυχεν
1016 4099 1100 4182 εἶναι,
1116 4102 1235 4164 σκόλιον
1251 4101 1375 4170 ἐκλήθη.
