3226 4734
765 257 800 312 ll

229 445 372 510 carmina
405 447 581 514 convivalia
615 449 653 512 iis
687 471 755 514 esse
790 449 955 514 admixta?
1000 448 1123 512 Etenim
1159 449 1235 530 quia
1268 450 1352 512 inter

228 576 361 622 coenam
382 558 520 644 maxime
541 560 776 638 recitabantur,
806 561 890 625 idem
918 535 995 624 fere¹
1013 559 1154 624 habuere
1177 564 1297 622 ortissu
1319 565 1351 623 et

228 669 386 753 παροίνιον.
531 655 535 668 ’

314 776 401 842 Haec
434 799 532 842 causa
564 779 640 859 fuis,
673 781 800 864 opinor,
835 780 921 863 quod
950 799 1036 843 nunc
1063 779 1151 842 varia
1180 777 1350 844 scoliorum

229 893 416 970 argumente
438 887 601 968 habemus,
625 891 707 954 seria
730 891 818 969 haec,
841 889 898 954 illa
921 889 1000 954 levia
1016 910 1055 953 ac
1069 888 1197 954 lesciva.
1236 889 1350 972 ltaque

227 996 259 1059 in
288 1003 353 1062 tres
380 996 498 1064 classes
527 1019 566 1064 ea
593 999 724 1082 digessit
751 999 939 1065 Eustathius
968 999 1011 1083 (in
1035 1018 1148 1064 comm.
1172 997 1214 1062 ad
1238 998 1350 1082 Odyss.

228 1105 268 1171 H.
290 1128 321 1188 p.
348 1113 428 1170 1574
456 1106 511 1174 lin.
538 1109 607 1194 14):
640 1112 680 1175 roi
709 1106 762 1199 μὲν
790 1112 966 1190 occurred,
999 1111 1038 1172 τὰ
1073 1101 1107 1172 δὲ
1139 1109 1209 1195 πρὸς
1243 1114 1350 1194 ἔρωτα,

228 1216 330 1280 πολλὰ
353 1209 459 1281 δὲκαὶ
483 1211 640 1284 croadam.
689 1219 747 1284 Alii
769 1220 863 1286 aliter
885 1219 1088 1286 distribuunt.

313 1325 432 1402 Quodsi
454 1327 582 1411 quaeris
611 1330 741 1412 quando
769 1336 826 1394 aut
854 1351 874 1396 a
901 1351 964 1414 quo
992 1328 1092 1394 scolia
1117 1327 1249 1391 inventa
1276 1327 1350 1409 sint,

229 1435 339 1502 eodem
361 1435 427 1501 iere
449 1444 592 1528 tempore
614 1462 677 1523 quo
699 1440 870 1525 lyricorum
893 1440 1000 1522 poesis
1022 1438 1194 1517 exstiterit,
1223 1435 1351 1500 exculta

228 1565 298 1610 esse
312 1546 406 1612 facile
418 1547 478 1612 sibi
490 1552 624 1632 quisque
634 1550 837 1632 persuadeat.
869 1549 1008 1614 Exstant
1019 1554 1138 1626 autem,
1154 1547 1180 1612 si
1195 1539 1351 1610 ἀδέσποτα

228 1655 385 1734 omiseris,
420 1657 518 1722 scolia
548 1657 655 1724 Alcaei
685 1660 804 1739 Lesbii,
837 1658 955 1724 Pittaci
982 1657 1181 1742 Mytilenaei,
1225 1654 1351 1720 Biantis

227 1764 417 1848 Prienensis,
446 1767 571 1834 Solonis
595 1770 805 1846 Atheniensis,
834 1769 1004 1834 Simonidis
1028 1769 1091 1848 Cei,
1121 1766 1350 1831 Timocreontis

227 1874 357 1956 Rhodii,
387 1877 547 1944 Praxillae
570 1881 736 1965 Sicyoniae
760 1883 967 1973 aliorumque.
1012 1879 1126 1961 Itaque
1154 1899 1219 1943 non
1242 1895 1350 1940 errare

228 1985 319 2050 nohis
331 1987 483 2070 videmur,
496 1991 524 2054 si
533 1990 617 2055 hanc
626 1991 795 2058 scoliorum
804 1992 970 2057 historiam
979 1990 1161 2056 summatim
1170 1986 1349 2052 referimus:

228 2094 337 2162 Alcaei
359 2106 392 2162 et
414 2103 622 2167 Anacreontis
644 2079 710 2168 lere
726 2109 833 2168 aetate
848 2108 928 2166 nata
942 2123 1021 2180 esse,
1045 2099 1213 2164 evanuisse
1228 2097 1349 2161 Aristo·

226 2205 342 2288 phanis
363 2208 429 2274 lere
452 2217 568 2278 aetate.
631 2223 634 2230 ⁴

310 2318 353 2382 Et
375 2326 537 2387 auctorem
567 2323 737 2389 scoliorum
765 2324 970 2400 haberemus,
999 2322 1026 2386 si
1053 2317 1218 2384 Plutarchi
1244 2316 1349 2383 locum

224 2426 273 2492 ita
295 2434 331 2492 nt
353 2430 526 2497 Koesterus
541 2433 659 2517 aliique
673 2434 930 2518 intelligeremus.
975 2431 1058 2498 Sunt
1072 2427 1237 2495 Plutarchi
1251 2426 1350 2493 verba

225 2535 306 2601 haec
336 2538 382 2624 (in
410 2539 491 2607 libro
514 2543 554 2608 de
575 2545 698 2611 musica
720 2566 750 2628 p.
774 2547 884 2630 1143):
923 2551 949 2607 εἰ
972 2534 1016 2622 δὲ,
1039 2542 1176 2628 καθάπερ
1201 2530 1349 2626 Πίνδαρός

226 2669 305 2734 φησι,
329 2653 380 2714 καὶ
403 2665 463 2717 τῶν
485 2651 614 2720 σκολιῶν
636 2663 736 2747 μελῶν
751 2646 941 2745 Τέρπανδρος
964 2656 1084 2740 εὑρετὴς
1105 2647 1150 2724 ἦν.
1201 2649 1348 2731 Carmen,

225 2781 289 2842 quo
321 2762 377 2828 illa
410 2767 673 2844 continebantur,
706 2790 770 2833 non
802 2749 877 2833 tulit
904 2771 1060 2848 aetatem,
1093 2783 1194 2848 quare
1220 2760 1253 2825 in
1281 2757 1348 2823 solo

225 2870 397 2942 Plutarcho
426 2877 662 2944 subsistendum
690 2887 749 2945 est.
804 2874 889 2956 Quid
918 2878 1016 2961 igitur
1045 2883 1121 2942 sunt
1152 2873 1209 2940 illa
1242 2872 1349 2936 caelari

227 2981 329 3072 atla?
358 2987 428 3054 Non
444 2990 515 3072 ipsa
530 2990 639 3071 scolia,
656 2991 712 3056 sed
727 2989 979 3056 modulationem
994 3009 1104 3053 eornm
1116 2988 1167 3052 hic
1178 2983 1350 3069 significari

225 3093 362 3177 ligemus
395 3101 528 3167 monuit.
583 3102 740 3184 Loquitur
776 3101 861 3167 enim
895 3098 1085 3166 Plutarchus
1117 3098 1172 3164 illo
1205 3098 1275 3162 loco
1309 3094 1349 3161 de

226 3208 354 3274 musicis
377 3210 553 3293 Terpandri
575 3212 712 3278 inventis
734 3215 789 3297 qui
812 3219 845 3278 et
867 3213 999 3278 Homeri
1020 3217 1053 3279 et
1073 3211 1138 3276 suis
1154 3207 1348 3274 carminibus

226 3325 329 3384 certos
351 3321 463 3388 modos
485 3323 623 3388 musicos
644 3324 866 3407 composuerit.
912 3323 994 3388 Nam
1010 3329 1086 3388 ente
1100 3321 1190 3386 illum
1206 3319 1349 3386 citharae

226 3433 500 3522 sonos',quosdam
514 3434 709 3516 praemissos
724 3435 795 3517 ipsa
810 3435 956 3500 canentis
972 3455 1031 3499 vox
1046 3433 1172 3498 videtur
1187 3428 1348 3511 excepisse

226 3559 264 3603 ac
286 3541 355 3606 sola
378 3564 479 3627 usqne
498 3544 541 3609 ad
556 3565 671 3610 noram
686 3545 891 3610 instrumenti
907 3543 1125 3610 acoentionem
1141 3540 1346 3608 declamasse.

226 3650 283 3716 His
306 3660 413 3718 autem
436 3655 565 3720 musicis
587 3655 654 3720 eius
676 3655 813 3721 inventis
836 3653 927 3720 addit
944 3655 998 3721 ille
1014 3657 1120 3721 σλολιά
1136 3656 1223 3743 μέλη.
1260 3650 1348 3728 Quae

225 3760 336 3826 eodem
363 3785 429 3847 quo
457 3771 565 3830 cetera
591 3763 676 3830 illius
703 3766 735 3831 in
764 3766 919 3832 musicam
946 3766 1062 3832 merita
1082 3763 1251 3830 referenda
1279 3783 1349 3826 esee

226 3895 264 3939 ac
286 3895 351 3940 non
374 3875 540 3959 adipeam
562 3876 730 3942 scoliorum
746 3879 971 3956 inventionem,
995 3875 1197 3942 manifestum
1213 3873 1346 3939 videtur.

225 3984 427 4068 Quamquam
442 3993 474 4052 et
488 3987 536 4052 ita
550 3994 658 4071 potest
672 3985 725 4054 ille
740 3989 829 4054 locus
843 3987 987 4071 intelligi,
1007 3994 1043 4052 ut
1058 3989 1165 4052 σκολιὰ
1182 3988 1266 4072 μέλη.
1283 3985 1303 4046 i.
1320 4004 1348 4049 e.
1400 4039 1405 4050 .

225 4095 463 4184 modulationes
485 4097 630 4177 inflexae,
654 4098 775 4164 scilieet
796 4099 890 4164 modo
912 4097 1050 4198 grauiter
1072 4097 1167 4163 modo
1183 4100 1275 4162 acute
1298 4114 1348 4157 so·
