3226 4734
692 313 894 320 ————-.—

235 419 298 506 δύο,
322 426 390 490 sine
412 424 519 504 dubio,
542 425 698 507 siquidem
713 426 782 508 ipse
797 425 944 503 correxit,
968 429 1004 488 ut
1019 423 1122 488 locum
1140 425 1355 491 concinnaret.

234 535 297 632 Sed
328 537 434 601 minus
466 541 575 616 recte3·
601 536 753 618 quoniam
788 536 867 614 tria,
901 555 965 600 non
995 533 1058 601 duo
1087 552 1206 619 genera
1233 541 1356 600 veteres

232 648 378 731 posuisse
407 631 601 711 certissimis
623 645 814 711 testimoniis
849 635 1065 710 confirmatur.
1119 645 1291 711 Koestsrus
1323 647 1356 710 in

232 755 341 822 libello
371 777 465 838 quem
494 756 535 820 de
567 755 672 821 scoliis
705 757 833 839 scripsit
866 755 1066 839 (Flensburgi
1091 759 1183 838 1846)
1216 755 1264 820 ita
1295 755 1358 838 legi

228 867 336 951 jubet:
369 867 404 930 το
427 867 481 956 μὲν
504 865 551 954 ὑφ’
573 867 716 931 ἁπάντων
739 859 902 956 ᾀδόμενον,
930 867 965 930 το
994 856 1020 929 δ’
1050 869 1107 930 ὑπὸ
1136 866 1258 930 πάντων
1286 867 1357 930 καθ’

234 980 286 1041 ἕνα
318 971 401 1056 ἑξῆς,
428 979 465 1040 τὸ
493 968 519 1039 δ’
545 978 602 1040 ὑπὸ
626 1028 633 1043 .
657 1027 663 1040 .
690 1029 695 1043 .
748 976 805 1040 Cui
840 975 1056 1041 emendationi
1089 995 1148 1040 nec
1179 973 1266 1038 facili
1297 996 1357 1040 nec

233 1088 434 1156 necessariae
467 1087 616 1152 assentiri
648 1107 712 1150 non
746 1106 892 1168 possum,
927 1107 998 1150 cum
1031 1105 1108 1152 vera
1132 1083 1227 1151 lectio
1255 1085 1356 1152 multo

232 1201 363 1284 propius
386 1197 471 1263 adsit
493 1219 529 1262 ac
549 1196 750 1281 paucissimis
771 1196 934 1261 reficiatur
948 1197 1113 1280 appositis.
1153 1196 1357 1264 Intercidisse

233 1310 317 1376 enim
341 1329 454 1374 censeo
477 1307 555 1374 nihil
577 1307 639 1372 nisi
660 1309 696 1372 τὰ
714 1299 749 1372 δὲ
771 1307 929 1372 stlocum
951 1308 999 1375 ita
1011 1306 1195 1390 legendum:
1226 1309 1274 1374 ὅτι
1288 1312 1357 1396 τρία

233 1421 305 1512 γένη
320 1416 357 1492 ἦν
371 1417 468 1502 ᾠδῶν,
490 1421 526 1483 το
542 1419 595 1508 μὲν
610 1420 667 1482 ὑπὸ
682 1418 804 1512 πάντων
820 1409 976 1505 ᾀδόμενον,
998 1419 1039 1482 τὰ
1063 1411 1103 1482 δὲ
1125 1419 1195 1482 καθ’
1211 1419 1263 1484 ἕνα
1278 1412 1355 1501 ἑξῆς,

233 1533 269 1596 τὰ
299 1523 324 1594 δ’
352 1533 409 1596 ὑπὸ
432 1580 440 1596 .
466 1581 503 1596 ..
549 1527 623 1593 Tria
655 1527 751 1612 igitur
784 1549 902 1612 genera
935 1528 1112 1593 carminum
1146 1527 1356 1594 convivalium

234 1639 449 1706 Dicaearchus
472 1638 551 1704 dicit
571 1638 678 1718 fuisse,
700 1639 838 1722 primum
861 1639 903 1704 ab
921 1639 1068 1704 omnibus
1091 1659 1157 1704 una
1178 1644 1355 1719 cantatum,

233 1749 406 1816 secundum
424 1769 444 1814 a
459 1747 591 1832 singulis
606 1735 765 1833 deinceps,
786 1749 916 1814 tertium
932 1769 952 1814 a
966 1748 1214 1832 prudentissimo
1229 1771 1356 1833 quoque

233 1861 323 1926 nulla
356 1859 581 1926 accubantium
608 1858 671 1925 loci
700 1858 811 1924 habita
836 1859 971 1924 ratione.
1021 1858 1060 1925 Id
1087 1865 1196 1924 autem
1227 1865 1357 1944 propter

201 1991 205 2000 ’
234 1971 377 2036 ordinem
400 1990 464 2034 non
487 1976 648 2036 servatum
669 1971 790 2034 σκολιόν
803 1970 825 2036 i.
841 1991 867 2034 s.
883 1990 1012 2034 carmen
1029 1967 1192 2051 obliquum
1207 1949 1356 2036 minatum

233 2102 313 2147 esse.
376 2080 508 2146 Derivat
546 2079 644 2162 igitur
677 2079 807 2144 verbum
835 2084 955 2144 σκολιον
983 2079 1024 2144 ab
1053 2078 1211 2164 adjectivo
1239 2082 1357 2155 σκολιός

233 2197 266 2256 et
287 2190 444 2276 intelligit,
467 2198 504 2256 ut
521 2192 591 2276 jam
614 2190 689 2269 dixi,
713 2211 841 2254 carmen
862 2189 1026 2272 obliquum
1042 2211 1098 2256 seu
1114 2210 1178 2256 non
1194 2191 1355 2268 continuo,

233 2302 292 2368 sed
313 2301 429 2366 inflexo
452 2303 563 2368 ordine
579 2307 756 2386 cantatum,
779 2299 899 2367 scilicet
913 2299 1102 2366 intermissis
1117 2300 1156 2366 iis
1171 2301 1226 2384 qui
1242 2320 1357 2366 canere

232 2410 314 2477 illud
334 2433 398 2478 non
421 2410 615 2478 didicissent.
1076 2395 1079 2402 ⁴

319 2522 423 2586 Alium
468 2520 649 2586 Aristotelis
693 2520 897 2605 discipulum,
947 2521 1173 2587 Aristoxenum
1217 2521 1357 2604 itemque

234 2631 409 2717 Phyllidem
431 2632 586 2697 musicum
609 2651 725 2696 nomeu
748 2653 769 2696 a
790 2629 916 2696 lectulis
931 2631 965 2694 in
980 2631 1102 2713 nuptiis
1117 2631 1244 2715 obliquo
1260 2632 1361 2698 modo

234 2743 319 2808 circo
340 2763 437 2808 unam
459 2762 602 2807 mensam
626 2742 736 2806 stratis
758 2739 906 2824 petivisse
927 2741 1013 2806 idem
1036 2739 1152 2806 Suidas
1173 2741 1290 2832 prodit.

296 2851 375 2916 Rem
397 2851 493 2934 igitur
503 2852 572 2936 jam
588 2851 777 2918 Dicaearchi
792 2852 1036 2937 Aristoxenique
1056 2857 1200 2934 tempore
1214 2851 1355 2933 ignotam

233 2960 330 3028 luisse
353 2961 440 3026 vides
463 2981 580 3044 eosque
601 2969 731 3046 praeter
745 2963 817 3046 ipsa
837 2961 936 3028 scolia
958 2962 1000 3027 ad
1023 2962 1191 3044 legendum
1209 2961 1258 3026 vel
1280 2982 1356 3027 can·

139 3095 141 3098 ·
233 3071 368 3136 tandum
391 3072 573 3155 conscripta
587 3073 665 3138 nihil
680 3073 720 3138 de
734 3074 774 3139 iis
789 3073 915 3140 novisse
934 3078 968 3144 ,et
983 3094 1055 3138 cum
1072 3071 1224 3156 aequales
1239 3079 1355 3152 essent,

233 3179 283 3245 vel
305 3179 345 3246 de
367 3181 438 3264 ipsa
460 3182 598 3247 nominis
621 3204 720 3250 causa
742 3189 809 3250 tam
836 3183 977 3249 diversas
998 3184 1142 3268 proferre
1168 3184 1354 3250 sententias.

233 3288 316 3367 Quid
332 3291 429 3374 igitur
451 3313 472 3356 a
488 3292 642 3356 seriorum
658 3299 836 3378 temporum
857 3293 1066 3377 scriptoribus
1079 3293 1356 3378 exspectabimus?

220 3427 223 3436 Α
296 3399 489 3466 Plutarchus
511 3401 639 3486 quidem
662 3403 744 3468 duas
771 3403 857 3470 illas.
871 3424 952 3486 quas
977 3404 1073 3470 modo
1096 3404 1356 3470 commemoravi·

232 3533 304 3576 mus
326 3512 503 3577 sententias
519 3511 645 3577 videtur
667 3518 830 3597 spectasse
846 3535 917 3579 cum
940 3514 987 3579 ita
1008 3513 1096 3579 dicat
1113 3513 1232 3597 (Symp.
1255 3513 1280 3578 1.
1301 3534 1353 3596 qu.

236 3633 262 3690 1.
284 3643 315 3706 p.
341 3630 400 3689 615
424 3621 490 3707 B.):
516 3625 579 3686 ἐπεί
601 3647 649 3688 τοι
671 3626 722 3686 καὶ
745 3625 785 3688 roi
807 3626 913 3691 σκολιά
934 3648 1022 3713 φασιν
1044 3629 1079 3687 οὐ
1101 3625 1186 3714 γένος
1208 3628 1355 3715 ᾀσμάτων

233 3729 306 3796 εἶναι
327 3732 528 3820 πεποιημένον
550 3736 683 3822 ἀσαφῶς,
706 3734 774 3796 ἀλλ’
802 3737 848 3800 ὅτι
874 3746 992 3822 πρῶτον
1021 3734 1074 3823 μὲν
1097 3725 1173 3822 ᾖδον
1197 3727 1279 3818 ᾠδην
1300 3747 1354 3800 τοῦ

232 3841 306 3906 θεοῦ
327 3852 440 3916 ιιοινῶςΙ
454 3843 585 3916 ἅπαντες
608 3855 663 3931 μιᾷ
678 3855 763 3932 φωνῇ
786 3839 1000 3925 παιανίζοντες,
1029 3834 1171 3932 δευτέραν
1200 3835 1235 3910 δὲ
1250 3838 1356 3932 ἑφεξῆς

233 3949 352 4032 ἑκάστῳ
375 3955 513 4040 μυρσίνης
542 3943 793 4042 παραδιδομένης,
816 3960 852 4025 ἢν
874 3953 997 4035 ἄσαιιον,
1021 3952 1113 4042 οἶμαι,
1142 3946 1194 4018 διὰ
1214 3958 1250 4020 τὰ
1273 3948 1355 4034 ᾄδειν

184 4125 190 4136 ,
231 4061 284 4123 τὸν
306 4052 469 4150 δεξάμενον
492 4063 628 4126 ἐκάλουν.
652 4067 700 4130 ἐπὶ
723 4058 757 4128 δὲ
778 4066 878 4146 τούτῳ
899 4064 989 4152 λύρας
1010 4064 1239 4153 περιφερομένης
1262 4071 1278 4129 ὁ
1300 4066 1354 4146 μὲν
