3226 4734
806 207 824 267 7

255 405 428 471 titubantia
457 405 475 469 i.
505 427 535 487 q.
570 404 678 468 σκολιά
711 402 878 468 nominata
911 401 983 467 sint.
1045 401 1159 468 Ebrios
1191 401 1264 486 plus
1297 402 1378 467 scire

253 520 403 598 putemus
425 514 562 581 sobriis?
583 553 624 564 -
736 545 742 554 ·

339 623 407 692 Noc
439 625 469 691 ei
496 623 598 690 deluit
630 629 721 688 retus
748 621 899 688 laudator
926 609 1120 701 sententiae,
1154 642 1252 704 quam
1280 621 1377 686 Atlio-

255 755 355 800 naeus
387 741 424 800 ut
453 735 557 799 minus
585 732 786 816 probandam
814 732 953 798 breviter
980 732 1140 815 tetigerat.
1190 731 1378 798 Eustathius

255 844 338 909 enim
371 844 404 909 in
435 842 664 910 commentario
694 841 857 927 Odysseae
885 843 936 923 (H.
960 823 990 926 p.
1019 848 1112 926 1574)
1145 842 1225 908 baec
1253 841 1377 906 scribit:

254 965 294 1037 τῇ
317 946 343 1017 δ’
368 957 466 1039 ἐννοίᾳ
488 960 546 1043 οὐχ
565 954 612 1018 ὅτι
634 953 742 1018 σκολιά
764 959 818 1018 εἰσι
840 959 924 1043 λόγῳ
947 951 1088 1043 ψόγον*),
1111 953 1193 1016 ἀλλὰ
1215 951 1296 1016 κατά
1311 975 1379 1014 τινα

255 1066 419 1152 μελοποΐας
432 1072 531 1154 νόμον,
544 1065 585 1145 ὃς,
602 1059 649 1127 οἷα
663 1064 750 1142 εἰκὸς,
763 1067 798 1127 οὐ
813 1065 883 1151 πρὸς
896 1065 968 1127 εὐθὺ
981 1065 1130 1152 ἐμέλπετο
1143 1063 1379 1148 ἁπλοϊκώτερον,

256 1174 336 1236 ἀλλὰ
358 1179 498 1250 ποικίλως
522 1177 703 1240 londinense.
751 1172 842 1237 Unde
870 1171 922 1238 ille
952 1196 990 1238 ea
1016 1173 1174 1250 hauserit,
1207 1191 1224 1236 e
1253 1169 1379 1254 Didymi

255 1282 344 1346 libris
365 1294 428 1380 ιῶν
451 1293 674 1373 συμποσιακῶν,
703 1289 740 1347 ut
762 1281 786 1346 F
788 1282 846 1346 rid.
870 1283 1038 1349 Jacobsius
1061 1281 1253 1365 suspicatur,
1275 1301 1316 1344 an
1341 1301 1380 1344 ex
1426 1289 1430 1300 '

255 1391 391 1456 aliorum
413 1394 589 1480 sententiis,
613 1394 691 1459 nihil
713 1395 864 1474 interest;
884 1405 990 1476 neque
1013 1394 1098 1458 enirn
1120 1414 1191 1457 cum
1215 1397 1379 1457 auctorem

255 1523 318 1567 non
342 1502 524 1583 nominarit,
547 1505 595 1570 ita
615 1511 813 1587 perveterem
829 1503 961 1568 ‘videtur
982 1510 1110 1569 secutus
1133 1524 1211 1572 esso.

341 1612 449 1679 Habes
471 1635 557 1679 nnnc
579 1633 662 1700 quae
679 1622 801 1680 veteres
816 1614 856 1680 do
871 1634 910 1680 ea
924 1635 959 1680 re
975 1619 1167 1692 statuerunt,
1191 1611 1237 1677 illi
1251 1609 1380 1695 quidem

255 1743 347 1787 suam
370 1723 505 1807 quisque
527 1725 717 1790 sententiam
747 1745 856 1792 veram
885 1745 954 1792 esse
982 1723 1190 1788 affirmantes.
1235 1720 1319 1799 Quot
1340 1720 1381 1785 de

255 1832 390 1915 parvula
411 1855 446 1899 re
469 1834 718 1918 disputationesl
752 1834 823 1901 Non
845 1833 959 1899 mirum
974 1833 1071 1917 igitur
1086 1833 1172 1917 quod
1187 1831 1380 1898 recentiores

255 1927 338 2008 idem
362 1942 467 2010 lacere
489 1944 641 2024 videmus,
666 1951 702 2010 ut
723 1945 784 2012 boc
806 1950 904 2028 atque
926 1943 1007 2012 illud
1028 1965 1136 2010 verum
1160 1941 1317 2008 duxerint.

341 2053 380 2118 H.
397 2054 436 2119 H.
454 2053 584 2120 Clodius
605 2055 694 2139 (bibl.
711 2061 771 2121 vet.
788 2053 849 2120 litt.
866 2061 899 2122 et
913 2061 974 2122 art.
991 2063 1067 2122 tom.
1083 2055 1110 2122 Ι.
1126 2053 1268 2136 Gotting.
1288 2059 1380 2118 1789.

256 2163 330 2228 inde
346 2184 402 2246 ap
429 2172 495 2244 54.)
517 2165 598 2231 haec
619 2167 716 2230 sentit
736 2165 776 2231 de
792 2165 962 2232 scoliorum
977 2165 1107 2249 origine.
1145 2163 1381 2247 Antiquissimis

255 2275 469 2358 temporibus,
498 2295 570 2340 cum
599 2274 709 2358 lingua
732 2275 928 2343 Graecorum
950 2297 1064 2359 pamm
1086 2273 1214 2341 exculta
1236 2272 1381 2340 sensibus

256 2385 357 2467 magis
379 2405 477 2468 quam
500 2391 605 2450 mente
627 2387 860 2471 perciperetur,
892 2387 1046 2471 quidquid
1073 2386 1215 2452 animum
1238 2383 1371 2449 moverit

257 2501 423 2560 cantatum
455 2516 526 2560 esse
552 2497 649 2578 idque
676 2496 745 2561 sine
773 2505 857 2576 arte,
892 2496 980 2564 nullo
1009 2503 1096 2564 certo
1124 2502 1237 2562 metro.
1289 2491 1382 2558 Unde

255 2604 439 2687 paullatim,
469 2607 496 2671 si
518 2628 583 2690 qua
605 2606 705 2688 magis
727 2607 908 2691 placuerint
930 2609 971 2674 ob
998 2629 1134 2691 eamque
1156 2625 1288 2672 causam
1311 2623 1380 2668 sae·

256 2716 328 2801 pius
349 2717 488 2800 repetita
510 2717 583 2797 sint,
607 2727 697 2783 certa
719 2725 791 2786 orta
814 2740 882 2785 esse
905 2726 1018 2786 metra.
1065 2720 1183 2786 Verum
1205 2716 1302 2782 etiam
1325 2713 1382 2779 illa

207 2847 210 2852 ·
255 2825 379 2892 incerta
402 2827 557 2894 mansisse
579 2850 681 2913 eaque
707 2837 864 2914 usurpata
892 2851 962 2896 esse
984 2853 1005 2896 a
1026 2830 1213 2896 dramaticis
1236 2849 1295 2893 nec
1316 2847 1380 2892 non

257 2956 277 3000 a
289 2935 428 3004 Pindaro
441 2946 473 3003 et
484 2940 675 3023 quibusdam
689 2941 760 3006 aliis
772 2942 887 3026 lyricis
900 2941 1095 3026 quiquidem
1108 2938 1382 3023 antistropbarum

256 3049 516 3131 responsionibus
539 3073 578 3117 ea
600 3051 665 3117 sint
679 3051 845 3120 modulati.
891 3053 980 3129 Quae
995 3060 1083 3118 certo
1098 3058 1201 3117 metro
1215 3049 1304 3116 iacta
1318 3049 1384 3114 sint

257 3159 410 3238 carmina,
434 3182 474 3226 ea
496 3163 571 3250 opus
594 3183 663 3228 esse
687 3172 809 3243 vocate,
833 3185 917 3249 quae
931 3166 1063 3242 incerto,
1089 3163 1206 3228 σκολιά.
1245 3168 1312 3228 lam
1328 3181 1383 3224 eas

258 3268 437 3335 cantilenas
458 3292 540 3354 quas
563 3281 679 3338 vocant
706 3275 805 3340 seclia
830 3275 884 3341 illo
911 3276 1032 3341 incerto
1061 3279 1163 3338 metrb
1185 3271 1289 3338 iactas
1311 3291 1381 3336 esse

258 3383 291 3442 et
313 3379 354 3444 ob
375 3379 409 3444 id
431 3403 547 3449 nomen
563 3405 656 3450 suum
680 3387 849 3469 accepisse.
890 3385 1055 3452 Hactenus
1076 3383 1138 3450 ille.
1178 3383 1242 3450 Sed
1268 3381 1383 3466 quibus

257 3487 310 3554 ille
344 3491 456 3557 nititur
491 3497 707 3579 argumentis?
757 3499 940 3583 Lyricorum
975 3495 1105 3580 quidam
1140 3515 1179 3560 ac
1212 3493 1384 3558 dramatici

260 3679 464 3692 —-....-....—..„—

326 3777 353 3844 *l
380 3777 471 3834 Verba
494 3782 565 3852 λόγῳ
585 3785 664 3854 ψόγον
688 3794 815 3856 corrupta
838 3793 909 3842 sunt.
946 3784 1024 3853 Quod
1046 3783 1196 3837 Koeeterus
1218 3779 1326 3836 scribit:
1353 3777 1384 3840 εἰς

259 3859 336 3930 λόγου
355 3859 443 3932 ψόγον,
467 3875 562 3935 parum
583 3871 727 3926 verisimile
751 3873 865 3927 ridetur.
901 3871 1029 3926 Fortasse
1051 3875 1094 3922 est
1115 3867 1257 3936 legendum
1280 3865 1384 3934 λόγων

259 3948 361 4036 ψόφῳ1
384 3949 423 4004 ita
445 3959 476 4006 ut
498 3959 634 4012 tortuosus
657 3959 797 4014 verborum
818 3973 901 4014 sonus
920 3957 962 4012 nel
978 3953 1149 4010 artificiosius
1167 3967 1253 4024 genum
1277 3951 1384 4008 dicendi
1451 3981 1456 3992 ·

258 4045 432 4116 significetur-
