3226 4734
250 1125 306 1220 De
327 1153 433 1221 scoliis
455 1159 598 1220 veterum
623 1153 817 1218 Graecorum
841 1152 897 1235 qui
925 1151 1046 1236 aliquid
1075 1151 1176 1218 literis
1199 1149 1371 1216 mandare·
1403 1191 1407 1200 ι

249 1270 341 1344 runt,
371 1265 404 1329 hi
426 1262 519 1329 valde
546 1264 630 1330 inter
658 1284 692 1329 se
720 1263 939 1349 discrepantes
967 1261 1022 1328 alii
1051 1265 1084 1326 in
1115 1261 1196 1328 alias
1224 1261 1373 1326 abierunt

249 1374 437 1466 sputentias.
481 1374 523 1438 Et
545 1374 671 1440 ridetur
692 1373 749 1439 illa
773 1395 824 1439 res
849 1375 917 1457 Jam
947 1373 1125 1456 antiquitus
1152 1365 1288 1437 difficilis
1315 1370 1371 1435 ad-

250 1485 380 1551 modum
403 1491 501 1568 atquc
523 1484 661 1550 obscura
687 1485 795 1565 fuisse,
832 1485 880 1550 ita
901 1491 937 1550 ut
959 1506 999 1548 ne
1012 1484 1061 1549 .de
1083 1483 1211 1549 nomine
1234 1480 1371 1565 quidem,

251 1617 314 1679 quo
337 1595 481 1660 carmina
499 1595 563 1660 ista
580 1595 838 1679 appellabantur,
861 1596 940 1660 satis
957 1599 1130 1660 constaret.
1168 1595 1236 1671 Quo
1251 1593 1372 1658 iactum

251 1712 360 1782 estut,
384 1707 411 1771 si
429 1706 547 1772 nostris
562 1705 759 1788 temporibus
774 1706 845 1788 quis
861 1705 1037 1789 disquirere
1053 1704 1148 1770 vellat
1163 1710 1221 1770 aut
1236 1703 1373 1792 nominis

252 1837 381 1883 causam
411 1822 468 1882 ant
494 1817 556 1881 vim
587 1815 756 1882 scoliorum
785 1823 1013 1899 naturamque,
1044 1817 1129 1882 hanc
1160 1822 1257 1900 atque
1284 1815 1373 1881 illam

252 1934 380 2004 secutus
409 1933 551 1993 veterum
573 1927 777 2007 sententiam,
808 1933 917 1993 tamen
940 1949 1011 1993 cum
1035 1929 1121 2012 certi,
1136 1927 1215 1994 nihil
1236 1948 1372 2010 usquam

251 2039 422 2116 inveniret,
457 2037 498 2102 ad
527 2039 726 2103 coniecturas
754 2037 938 2121 confugeret
966 2038 1014 2103 vel
1047 2039 1145 2104 etiam
1175 2038 1216 2104 ad
1249 2025 1402 2103 somnia'

253 2169 416 2232 nugasque
440 2147 649 2232 abriperetur.
695 2150 784 2226 Quae
806 2149 934 2233 quidem
962 2150 1071 2215 omnia
1099 2153 1259 2232 quatenus
1288 2168 1373 2213 com·

252 2258 461 2325 memoranda
493 2259 640 2324 ridentur
674 2279 748 2339 nos,
783 2260 838 2343 qui
867 2260 907 2326 de
936 2258 1214 2325 cantiuncularum
1246 2257 1373 2323 illarum

252 2367 372 2453 origine
403 2375 501 2452 atque
534 2391 594 2435 usu
626 2371 687 2436 hoc
719 2369 790 2436 loco
824 2391 932 2434 sumus
965 2368 1157 2453 quaesituri,
1190 2368 1374 2451 singulatim

253 2479 510 2564 enumerabimus
533 2485 747 2563 accurateque
768 2481 1012 2565 perpendemus.

337 2590 385 2655 De
418 2589 538 2672 origine
571 2590 740 2656 sueborum
767 2591 927 2657 veteribus
955 2590 1034 2656 nihil
1062 2590 1242 2656 constitisse
1270 2610 1309 2654 ax
1337 2611 1374 2654 eo

252 2698 440 2783 intelligitur
478 2701 564 2782 quod
597 2699 644 2766 illi
676 2702 709 2765 in
744 2701 942 2786 expedienda
975 2723 1011 2766 re
1043 2701 1130 2766 haud
1162 2698 1256 2766 facilc
1288 2699 1376 2764 verbi

253 2809 476 2894 etymologiam
491 2810 639 2877 ridentur
653 2812 835 2878 excessisse.
865 2812 1129 2896 Antiquissimam
1141 2831 1210 2876 esse
1223 2810 1375 2893 originem

254 2919 438 3005 scoliorum,
473 2941 556 3003 quae
589 2921 717 3004 quidam
749 2922 824 2986 inde
858 2922 900 2988 ab
929 2922 1143 3006 Aristophane
1177 2927 1209 3002 et
1241 2920 1376 2986 Platone

255 3028 422 3112 aliquoties
436 3038 735 3112 commemorantur,
759 3053 869 3100 omnes
885 3033 1057 3114 affirmant,
1079 3053 1189 3098 verum
1204 3031 1289 3097 unde
1304 3036 1377 3095 orta

254 3140 333 3219 sint,
361 3161 425 3206 non
452 3140 573 3206 tollunt
599 3141 843 3210 dubitationem.
895 3143 1004 3210 Prima
1032 3149 1140 3209 autem
1166 3148 1308 3208 veterum
1337 3139 1377 3204 de

254 3250 317 3315 isto
338 3251 444 3334 pobsis
466 3272 581 3336 genere
604 3254 764 3319 sententia
783 3274 866 3337 quae
882 3253 925 3320 ad
938 3275 997 3320 nos
1011 3253 1166 3339 pervenit,
1189 3249 1378 3318 Dicaearchi

255 3365 313 3440 est,
341 3361 522 3428 Aristotelis
545 3362 705 3447 discipuli,
736 3365 826 3431 cuius
853 3365 952 3432 verba
973 3365 1106 3449 legimus
1129 3361 1217 3448 apud
1245 3359 1378 3427 Suidam

255 3491 280 3535 s.
303 3491 332 3537 v.
355 3470 571 3556 ΣΚΟΛΙΟΝ,
604 3473 751 3541 sednon
779 3476 849 3541 sine
874 3475 1000 3541 menda.
1051 3473 1133 3539 Sunt
1165 3473 1250 3540 enim
1282 3469 1383 3535 bacci

257 3581 304 3646 ὅτι
326 3582 395 3670 τρία
416 3581 489 3673 γένη
511 3578 548 3656 ἦν
569 3575 665 3667 ᾠδῶν,
686 3587 722 3649 τὸ
746 3591 800 3674 μὲν
826 3587 882 3650 ὑπὸ
905 3585 1026 3650 uiarum
1054 3575 1201 3674 ᾀδόμενον
1228 3583 1298 3646 καθ’
1326 3581 1378 3644 ἕνα

256 3684 337 3772 ἑξῆς,
364 3693 400 3756 τὰ
423 3682 449 3756 δ’
471 3696 529 3760 ὑπὸ
558 3705 620 3758 τῶν
648 3695 878 3792 συνεῖωτάτων,
909 3701 948 3771 ὡς
978 3703 1079 3784 ἔτυχε,
1107 3707 1147 3780 τῇ
1169 3685 1266 3768 τάξει·
1295 3690 1311 3755 ὃ
1340 3681 1378 3760 δὴ

152 3839 157 3850 ·
256 3803 415 3868 καλεῖσθαι
438 3794 488 3867 διὰ
510 3806 567 3875 τὴν
588 3797 673 3879 τάξιν
697 3805 825 3869 σκολιόν.
854 3843 894 3853 -
924 3803 998 3868 Tria
1019 3803 1116 3886 igitur
1137 3821 1255 3887 genera
1277 3800 1378 3866 canti·

256 3909 402 3992 lanarum
419 3913 487 3978 vult
507 3913 561 3979 ille
576 3915 705 3995 referre,
728 3914 862 3981 sadduc
878 3920 1004 3979 tantum
1019 3912 1127 3981 refert.
1161 3913 1250 3992 Quae
1265 3911 1379 3976 Dicae-

258 4021 346 4086 archi
367 4023 465 4088 verba
483 4024 552 4106 jam
575 4024 767 4090 scholiasten
791 4024 923 4088 Luciani
946 4027 982 4108 (t.
1004 4023 1051 4088 ΙΙΙ
1070 4045 1100 4108 p.
1126 4029 1187 4088 292
1208 4023 1289 4106 Bip.)
1314 4041 1378 4083 non

258 4131 352 4198 aliter
365 4133 477 4216 legisse
494 4133 569 4198 inde
585 4134 789 4199 manifestum
804 4135 930 4199 ridetur
944 4135 1030 4218 quod
1044 4135 1071 4199 is
1086 4155 1145 4217 pro
1164 4135 1231 4223 cpia
1253 4133 1380 4215 scripsit
