<?xml version="1.0" encoding="UTF-8"?>
<!DOCTYPE html PUBLIC "-//W3C//DTD XHTML 1.0 Transitional//EN"
    "http://www.w3.org/TR/xhtml1/DTD/xhtml1-transitional.dtd">
<html xmlns="http://www.w3.org/1999/xhtml" xml:lang="en" lang="en">
 <head>
  <title>
</title>
<meta http-equiv="Content-Type" content="text/html;charset=utf-8" />
  <meta name='ocr-system' content='tesseract 3.04.00' />
  <meta name='ocr-capabilities' content='ocr_page ocr_carea ocr_par ocr_line ocrx_word'/>
</head>
<body>
  <div class='ocr_page' id='page_1' title='image "./descoliorumorig00runcgoog_0014.png"; bbox 0 0 3226 4734; ppageno 0'>
   <div class='ocr_carea' id='block_1_1' title="bbox 789 237 808 295">
    <p class='ocr_par' dir='ltr' id='par_1_1' title="bbox 789 237 808 295">
     <span class='ocr_line' id='line_1_1' title="bbox 789 237 808 295; baseline 0 0"><span class='ocrx_word' id='word_1_1' title='bbox 789 237 808 295; x_wconf 82' lang='grc'>9</span> 
     </span>
    </p>
   </div>
   <div class='ocr_carea' id='block_1_2' title="bbox 235 429 1360 1836">
    <p class='ocr_par' dir='ltr' id='par_1_2' title="bbox 235 429 1360 1705">
     <span class='ocr_line' id='line_1_2' title="bbox 237 429 1358 513; baseline -0.002 -19"><span class='ocrx_word' id='word_1_2' title='bbox 237 451 397 513; x_wconf 84' lang='lat' dir='ltr'>regnasse,</span> <span class='ocrx_word' id='word_1_3' title='bbox 428 435 464 494; x_wconf 91' lang='lat' dir='ltr'>ut</span> <span class='ocrx_word' id='word_1_4' title='bbox 485 431 621 512; x_wconf 88' lang='lat' dir='ltr'>primum</span> <span class='ocrx_word' id='word_1_5' title='bbox 648 451 753 512; x_wconf 88' lang='lat' dir='ltr'>paean</span> <span class='ocrx_word' id='word_1_6' title='bbox 784 431 825 494; x_wconf 89' lang='lat' dir='ltr'>ab</span> <span class='ocrx_word' id='word_1_7' title='bbox 848 429 993 495; x_wconf 86' lang='lat' dir='ltr'>omnibus</span> <span class='ocrx_word' id='word_1_8' title='bbox 1015 451 1079 494; x_wconf 91' lang='lat' dir='ltr'>uno</span> <span class='ocrx_word' id='word_1_9' title='bbox 1102 450 1157 494; x_wconf 90' lang='lat' dir='ltr'>ore</span> <span class='ocrx_word' id='word_1_10' title='bbox 1180 435 1358 506; x_wconf 89' lang='lat' dir='ltr'>caneretur,</span> 
     </span>
     <span class='ocr_line' id='line_1_3' title="bbox 238 538 1359 623; baseline -0.002 -19"><span class='ocrx_word' id='word_1_11' title='bbox 238 538 352 604; x_wconf 83' lang='lat' dir='ltr'>deinde</span> <span class='ocrx_word' id='word_1_12' title='bbox 383 539 499 623; x_wconf 77' lang='lat' dir='ltr'>singuli</span> <span class='ocrx_word' id='word_1_13' title='bbox 532 560 570 606; x_wconf 88' lang='lat' dir='ltr'>ex</span> <span class='ocrx_word' id='word_1_14' title='bbox 604 541 714 606; x_wconf 87' lang='lat' dir='ltr'>ordine</span> <span class='ocrx_word' id='word_1_15' title='bbox 743 540 785 604; x_wconf 89' lang='lat' dir='ltr'>ad</span> <span class='ocrx_word' id='word_1_16' title='bbox 813 541 968 605; x_wconf 90' lang='lat' dir='ltr'>citharam</span> <span class='ocrx_word' id='word_1_17' title='bbox 998 539 1182 618; x_wconf 75' lang='lat' dir='ltr'>recitarent,</span> <span class='ocrx_word' id='word_1_18' title='bbox 1215 546 1283 603; x_wconf 90' lang='lat' dir='ltr'>tum</span> <span class='ocrx_word' id='word_1_19' title='bbox 1317 538 1359 602; x_wconf 89' lang='lat' dir='ltr'>ad</span> 
     </span>
     <span class='ocr_line' id='line_1_4' title="bbox 238 647 1359 732; baseline -0.002 -19"><span class='ocrx_word' id='word_1_20' title='bbox 238 649 397 716; x_wconf 81' lang='lat' dir='ltr'>doctiores</span> <span class='ocrx_word' id='word_1_21' title='bbox 419 656 546 714; x_wconf 89' lang='lat' dir='ltr'>tantum</span> <span class='ocrx_word' id='word_1_22' title='bbox 569 656 601 714; x_wconf 89' lang='lat' dir='ltr'>et</span> <span class='ocrx_word' id='word_1_23' title='bbox 621 657 714 715; x_wconf 83' lang='lat' dir='ltr'>extra</span> <span class='ocrx_word' id='word_1_24' title='bbox 729 649 872 716; x_wconf 86' lang='lat' dir='ltr'>ordinem</span> <span class='ocrx_word' id='word_1_25' title='bbox 889 649 1014 715; x_wconf 87' lang='lat' dir='ltr'>cithara</span> <span class='ocrx_word' id='word_1_26' title='bbox 1036 654 1093 713; x_wconf 88' lang='lat' dir='ltr'>aut</span> <span class='ocrx_word' id='word_1_27' title='bbox 1115 654 1237 732; x_wconf 80' lang='lat' dir='ltr'>myrtus</span> <span class='ocrx_word' id='word_1_28' title='bbox 1252 647 1359 712; x_wconf 87' lang='lat' dir='ltr'>trade·</span> 
     </span>
     <span class='ocr_line' id='line_1_5' title="bbox 237 757 1358 842; baseline -0.004 -18"><span class='ocrx_word' id='word_1_29' title='bbox 237 767 335 826; x_wconf 88' lang='lat' dir='ltr'>retur.</span> <span class='ocrx_word' id='word_1_30' title='bbox 392 759 452 836; x_wconf 86' lang='lat' dir='ltr'>Qui</span> <span class='ocrx_word' id='word_1_31' title='bbox 483 760 585 842; x_wconf 89' lang='lat' dir='ltr'>primo</span> <span class='ocrx_word' id='word_1_32' title='bbox 618 759 688 825; x_wconf 91' lang='lat' dir='ltr'>loco</span> <span class='ocrx_word' id='word_1_33' title='bbox 711 759 921 838; x_wconf 88' lang='lat' dir='ltr'>accubuisset,</span> <span class='ocrx_word' id='word_1_34' title='bbox 954 760 1041 823; x_wconf 90' lang='lat' dir='ltr'>hunc</span> <span class='ocrx_word' id='word_1_35' title='bbox 1072 761 1209 841; x_wconf 89' lang='lat' dir='ltr'>primum</span> <span class='ocrx_word' id='word_1_36' title='bbox 1238 757 1358 823; x_wconf 91' lang='lat' dir='ltr'>scolion</span> 
     </span>
     <span class='ocr_line' id='line_1_6' title="bbox 238 867 1359 953; baseline -0.002 -20"><span class='ocrx_word' id='word_1_37' title='bbox 238 875 400 947; x_wconf 88' lang='lat' dir='ltr'>cantasse,</span> <span class='ocrx_word' id='word_1_38' title='bbox 434 891 497 952; x_wconf 92' lang='lat' dir='ltr'>quo</span> <span class='ocrx_word' id='word_1_39' title='bbox 530 876 662 953; x_wconf 88' lang='lat' dir='ltr'>peracto</span> <span class='ocrx_word' id='word_1_40' title='bbox 702 870 799 934; x_wconf 89' lang='lat' dir='ltr'>alium</span> <span class='ocrx_word' id='word_1_41' title='bbox 837 870 921 935; x_wconf 90' lang='lat' dir='ltr'>idem</span> <span class='ocrx_word' id='word_1_42' title='bbox 955 876 1177 952; x_wconf 79' lang='lat' dir='ltr'>argumentum</span> <span class='ocrx_word' id='word_1_43' title='bbox 1215 867 1359 951; x_wconf 91' lang='lat' dir='ltr'>paullum</span> 
     </span>
     <span class='ocr_line' id='line_1_7' title="bbox 237 977 1358 1064; baseline -0.002 -23"><span class='ocrx_word' id='word_1_44' title='bbox 237 979 395 1043; x_wconf 83' lang='lat' dir='ltr'>uariatum</span> <span class='ocrx_word' id='word_1_45' title='bbox 430 986 586 1044; x_wconf 81' lang='lat' dir='ltr'>tractasse</span> <span class='ocrx_word' id='word_1_46' title='bbox 615 981 756 1063; x_wconf 87' lang='lat' dir='ltr'>itemque</span> <span class='ocrx_word' id='word_1_47' title='bbox 777 979 907 1045; x_wconf 88' lang='lat' dir='ltr'>tertium</span> <span class='ocrx_word' id='word_1_48' title='bbox 931 986 964 1044; x_wconf 93' lang='lat' dir='ltr'>et</span> <span class='ocrx_word' id='word_1_49' title='bbox 985 979 1032 1043; x_wconf 90' lang='lat' dir='ltr'>sic</span> <span class='ocrx_word' id='word_1_50' title='bbox 1058 1000 1164 1064; x_wconf 89' lang='lat' dir='ltr'>porro.</span> <span class='ocrx_word' id='word_1_51' title='bbox 1205 977 1358 1042; x_wconf 90' lang='lat' dir='ltr'>Ultimum</span> 
     </span>
     <span class='ocr_line' id='line_1_8' title="bbox 238 1086 1358 1173; baseline -0.003 -20"><span class='ocrx_word' id='word_1_52' title='bbox 238 1093 346 1154; x_wconf 87' lang='lat' dir='ltr'>autem</span> <span class='ocrx_word' id='word_1_53' title='bbox 366 1089 461 1173; x_wconf 90' lang='lat' dir='ltr'>primi</span> <span class='ocrx_word' id='word_1_54' title='bbox 483 1089 569 1155; x_wconf 88' lang='lat' dir='ltr'>orbis</span> <span class='ocrx_word' id='word_1_55' title='bbox 591 1111 707 1160; x_wconf 84' lang='lat' dir='ltr'>novum</span> <span class='ocrx_word' id='word_1_56' title='bbox 731 1109 860 1155; x_wconf 88' lang='lat' dir='ltr'>carmen</span> <span class='ocrx_word' id='word_1_57' title='bbox 878 1088 1059 1172; x_wconf 90' lang='lat' dir='ltr'>protulisse,</span> <span class='ocrx_word' id='word_1_58' title='bbox 1082 1089 1168 1171; x_wconf 93' lang='lat' dir='ltr'>quod</span> <span class='ocrx_word' id='word_1_59' title='bbox 1190 1088 1273 1152; x_wconf 90' lang='lat' dir='ltr'>siout</span> <span class='ocrx_word' id='word_1_60' title='bbox 1293 1086 1358 1168; x_wconf 87' lang='lat' dir='ltr'>pri·</span> 
     </span>
     <span class='ocr_line' id='line_1_9' title="bbox 237 1191 1358 1282; baseline 0 -21"><span class='ocrx_word' id='word_1_61' title='bbox 237 1195 310 1262; x_wconf 90' lang='lat' dir='ltr'>dem</span> <span class='ocrx_word' id='word_1_62' title='bbox 332 1200 483 1265; x_wconf 72' lang='lat' dir='ltr'>sondrae</span> <span class='ocrx_word' id='word_1_63' title='bbox 505 1199 676 1264; x_wconf 85' lang='lat' dir='ltr'>variarent.</span> <span class='ocrx_word' id='word_1_64' title='bbox 721 1199 771 1265; x_wconf 88' lang='lat' dir='ltr'>Ita</span> <span class='ocrx_word' id='word_1_65' title='bbox 792 1201 861 1266; x_wconf 86' lang='lat' dir='ltr'>fieri</span> <span class='ocrx_word' id='word_1_66' title='bbox 888 1201 1031 1282; x_wconf 88' lang='lat' dir='ltr'>potuisse</span> <span class='ocrx_word' id='word_1_67' title='bbox 1054 1207 1091 1265; x_wconf 91' lang='lat' dir='ltr'>ut</span> <span class='ocrx_word' id='word_1_68' title='bbox 1111 1218 1266 1282; x_wconf 87' lang='lat' dir='ltr'>persaepe</span> <span class='ocrx_word' id='word_1_69' title='bbox 1289 1191 1358 1262; x_wconf 91' lang='lat' dir='ltr'>sco-</span> 
     </span>
     <span class='ocr_line' id='line_1_10' title="bbox 236 1306 1358 1397; baseline -0.002 -25"><span class='ocrx_word' id='word_1_70' title='bbox 236 1306 352 1397; x_wconf 79' lang='lat' dir='ltr'>liornm</span> <span class='ocrx_word' id='word_1_71' title='bbox 374 1309 460 1375; x_wconf 91' lang='lat' dir='ltr'>orbis</span> <span class='ocrx_word' id='word_1_72' title='bbox 481 1317 689 1392; x_wconf 86' lang='lat' dir='ltr'>repeteretur.</span> <span class='ocrx_word' id='word_1_73' title='bbox 743 1311 791 1374; x_wconf 86' lang='lat' dir='ltr'>Ex</span> <span class='ocrx_word' id='word_1_74' title='bbox 818 1317 962 1395; x_wconf 87' lang='lat' dir='ltr'>tempore</span> <span class='ocrx_word' id='word_1_75' title='bbox 993 1319 1100 1376; x_wconf 90' lang='lat' dir='ltr'>autem</span> <span class='ocrx_word' id='word_1_76' title='bbox 1123 1329 1163 1374; x_wconf 91' lang='lat' dir='ltr'>ea</span> <span class='ocrx_word' id='word_1_77' title='bbox 1185 1307 1358 1391; x_wconf 87' lang='lat' dir='ltr'>aliquando</span> 
     </span>
     <span class='ocr_line' id='line_1_11' title="bbox 235 1415 1359 1503; baseline -0.001 -22"><span class='ocrx_word' id='word_1_78' title='bbox 235 1415 324 1484; x_wconf 79' lang='lat' dir='ltr'>iacta</span> <span class='ocrx_word' id='word_1_79' title='bbox 346 1440 415 1484; x_wconf 91' lang='lat' dir='ltr'>esse</span> <span class='ocrx_word' id='word_1_80' title='bbox 437 1441 458 1484; x_wconf 90' lang='lat' dir='ltr'>a</span> <span class='ocrx_word' id='word_1_81' title='bbox 478 1419 583 1503; x_wconf 75' lang='lat' dir='ltr'>podtis</span> <span class='ocrx_word' id='word_1_82' title='bbox 605 1419 699 1484; x_wconf 91' lang='lat' dir='ltr'>simul</span> <span class='ocrx_word' id='word_1_83' title='bbox 718 1421 958 1486; x_wconf 84' lang='lat' dir='ltr'>convivantibus</span> <span class='ocrx_word' id='word_1_84' title='bbox 981 1427 1014 1487; x_wconf 90' lang='lat' dir='ltr'>et</span> <span class='ocrx_word' id='word_1_85' title='bbox 1034 1421 1109 1486; x_wconf 89' lang='lat' dir='ltr'>inde</span> <span class='ocrx_word' id='word_1_86' title='bbox 1131 1421 1217 1484; x_wconf 91' lang='lat' dir='ltr'>hunc</span> <span class='ocrx_word' id='word_1_87' title='bbox 1237 1437 1359 1482; x_wconf 88' lang='lat' dir='ltr'>morem</span> 
     </span>
     <span class='ocr_line' id='line_1_12' title="bbox 238 1528 1360 1614; baseline -0.003 -22"><span class='ocrx_word' id='word_1_88' title='bbox 238 1528 280 1592; x_wconf 88' lang='lat' dir='ltr'>ad</span> <span class='ocrx_word' id='word_1_89' title='bbox 302 1528 382 1596; x_wconf 88' lang='lat' dir='ltr'>alios</span> <span class='ocrx_word' id='word_1_90' title='bbox 404 1530 569 1596; x_wconf 67' lang='lat' dir='ltr'>mansiisse</span> <span class='ocrx_word' id='word_1_91' title='bbox 592 1531 647 1613; x_wconf 91' lang='lat' dir='ltr'>qui</span> <span class='ocrx_word' id='word_1_92' title='bbox 670 1537 726 1595; x_wconf 89' lang='lat' dir='ltr'>aut</span> <span class='ocrx_word' id='word_1_93' title='bbox 747 1531 810 1613; x_wconf 90' lang='lat' dir='ltr'>ipsi</span> <span class='ocrx_word' id='word_1_94' title='bbox 832 1531 930 1597; x_wconf 89' lang='lat' dir='ltr'>ecclia</span> <span class='ocrx_word' id='word_1_95' title='bbox 956 1553 996 1597; x_wconf 87' lang='lat' dir='ltr'>ex</span> <span class='ocrx_word' id='word_1_96' title='bbox 1023 1538 1167 1614; x_wconf 88' lang='lat' dir='ltr'>tempore</span> <span class='ocrx_word' id='word_1_97' title='bbox 1188 1528 1360 1593; x_wconf 84' lang='lat' dir='ltr'>funderent</span> 
     </span>
     <span class='ocr_line' id='line_1_13' title="bbox 238 1638 811 1705; baseline 0.002 -1"><span class='ocrx_word' id='word_1_98' title='bbox 238 1644 295 1704; x_wconf 86' lang='lat' dir='ltr'>aut</span> <span class='ocrx_word' id='word_1_99' title='bbox 317 1638 424 1704; x_wconf 83' lang='lat' dir='ltr'>ahena</span> <span class='ocrx_word' id='word_1_100' title='bbox 445 1641 509 1705; x_wconf 90' lang='lat' dir='ltr'>cito</span> <span class='ocrx_word' id='word_1_101' title='bbox 531 1647 610 1705; x_wconf 86' lang='lat' dir='ltr'>nata</span> <span class='ocrx_word' id='word_1_102' title='bbox 632 1647 811 1705; x_wconf 90' lang='lat' dir='ltr'>cantarent.</span> 
     </span>
    </p>

    <p class='ocr_par' dir='ltr' id='par_1_3' title="bbox 321 1747 1357 1836">
     <span class='ocr_line' id='line_1_14' title="bbox 321 1747 1357 1836; baseline -0.003 -22"><span class='ocrx_word' id='word_1_103' title='bbox 321 1747 440 1826; x_wconf 82' lang='lat' dir='ltr'>Quodsi</span> <span class='ocrx_word' id='word_1_104' title='bbox 462 1751 645 1833; x_wconf 86' lang='lat' dir='ltr'>quaerimus</span> <span class='ocrx_word' id='word_1_105' title='bbox 673 1751 788 1834; x_wconf 88' lang='lat' dir='ltr'>quibus</span> <span class='ocrx_word' id='word_1_106' title='bbox 816 1751 953 1835; x_wconf 87' lang='lat' dir='ltr'>llgenius</span> <span class='ocrx_word' id='word_1_107' title='bbox 981 1751 1177 1836; x_wconf 85' lang='lat' dir='ltr'>argumentis</span> <span class='ocrx_word' id='word_1_108' title='bbox 1204 1747 1261 1814; x_wconf 88' lang='lat' dir='ltr'>illa</span> <span class='ocrx_word' id='word_1_109' title='bbox 1282 1767 1357 1812; x_wconf 91' lang='lat' dir='ltr'>con-</span> 
     </span>
    </p>
   </div>
   <div class='ocr_carea' id='block_1_3' title="bbox 236 1857 1504 1954">
    <p class='ocr_par' dir='ltr' id='par_1_4' title="bbox 236 1857 1504 1954">
     <span class='ocr_line' id='line_1_15' title="bbox 236 1857 1504 1954; baseline -0.002 -32"><span class='ocrx_word' id='word_1_110' title='bbox 236 1857 349 1938; x_wconf 87' lang='lat' dir='ltr'>firmet,</span> <span class='ocrx_word' id='word_1_111' title='bbox 372 1859 528 1926; x_wconf 89' lang='lat' dir='ltr'>nonnulla</span> <span class='ocrx_word' id='word_1_112' title='bbox 550 1882 614 1926; x_wconf 92' lang='lat' dir='ltr'>non</span> <span class='ocrx_word' id='word_1_113' title='bbox 636 1862 754 1945; x_wconf 84' lang='lat' dir='ltr'>valida,</span> <span class='ocrx_word' id='word_1_114' title='bbox 780 1863 837 1927; x_wconf 89' lang='lat' dir='ltr'>sed</span> <span class='ocrx_word' id='word_1_115' title='bbox 859 1863 982 1928; x_wconf 89' lang='lat' dir='ltr'>caduce</span> <span class='ocrx_word' id='word_1_116' title='bbox 1004 1861 1176 1928; x_wconf 85' lang='lat' dir='ltr'>admodum</span> <span class='ocrx_word' id='word_1_117' title='bbox 1199 1857 1356 1923; x_wconf 84' lang='lat' dir='ltr'>ridentur.</span> <span class='ocrx_word' id='word_1_118' title='bbox 1481 1867 1504 1954; x_wconf 28' lang='grc'>,’</span> 
     </span>
    </p>
   </div>
   <div class='ocr_carea' id='block_1_4' title="bbox 234 1966 1358 2607">
    <p class='ocr_par' dir='ltr' id='par_1_5' title="bbox 234 1966 1358 2607">
     <span class='ocr_line' id='line_1_16' title="bbox 236 1966 1358 2054; baseline -0.002 -22"><span class='ocrx_word' id='word_1_119' title='bbox 236 1966 347 2052; x_wconf 88' lang='lat' dir='ltr'>Neque</span> <span class='ocrx_word' id='word_1_120' title='bbox 375 1969 458 2035; x_wconf 89' lang='lat' dir='ltr'>enim</span> <span class='ocrx_word' id='word_1_121' title='bbox 486 1972 644 2053; x_wconf 85' lang='lat' dir='ltr'>acquievit</span> <span class='ocrx_word' id='word_1_122' title='bbox 671 1973 704 2035; x_wconf 92' lang='lat' dir='ltr'>in</span> <span class='ocrx_word' id='word_1_123' title='bbox 735 1973 935 2052; x_wconf 83' lang='lat' dir='ltr'>Dicaearchi,</span> <span class='ocrx_word' id='word_1_124' title='bbox 965 1971 1161 2054; x_wconf 84' lang='lat' dir='ltr'>Artemonis,</span> <span class='ocrx_word' id='word_1_125' title='bbox 1194 1967 1358 2032; x_wconf 88' lang='lat' dir='ltr'>Plutarchi</span> 
     </span>
     <span class='ocr_line' id='line_1_17' title="bbox 236 2079 1357 2166; baseline 0.002 -26"><span class='ocrx_word' id='word_1_126' title='bbox 236 2079 320 2144; x_wconf 84' lang='lat' dir='ltr'>vocis</span> <span class='ocrx_word' id='word_1_127' title='bbox 343 2079 564 2163; x_wconf 86' lang='lat' dir='ltr'>explicatione,</span> <span class='ocrx_word' id='word_1_128' title='bbox 595 2081 651 2148; x_wconf 89' lang='lat' dir='ltr'>sed</span> <span class='ocrx_word' id='word_1_129' title='bbox 672 2103 756 2148; x_wconf 86' lang='lat' dir='ltr'>nova</span> <span class='ocrx_word' id='word_1_130' title='bbox 771 2083 880 2165; x_wconf 88' lang='lat' dir='ltr'>etiam,</span> <span class='ocrx_word' id='word_1_131' title='bbox 901 2082 1047 2166; x_wconf 86' lang='lat' dir='ltr'>quamvis</span> <span class='ocrx_word' id='word_1_132' title='bbox 1074 2079 1236 2164; x_wconf 85' lang='lat' dir='ltr'>ingeniose</span> <span class='ocrx_word' id='word_1_133' title='bbox 1265 2099 1357 2142; x_wconf 87' lang='lat' dir='ltr'>exco-</span> 
     </span>
     <span class='ocr_line' id='line_1_18' title="bbox 235 2187 1356 2272; baseline -0.004 -18"><span class='ocrx_word' id='word_1_134' title='bbox 235 2192 347 2272; x_wconf 83' lang='lat' dir='ltr'>gitata,</span> <span class='ocrx_word' id='word_1_135' title='bbox 381 2189 520 2270; x_wconf 89' lang='lat' dir='ltr'>addidit,</span> <span class='ocrx_word' id='word_1_136' title='bbox 543 2191 630 2257; x_wconf 84' lang='lat' dir='ltr'>volut</span> <span class='ocrx_word' id='word_1_137' title='bbox 652 2199 754 2257; x_wconf 89' lang='lat' dir='ltr'>totam</span> <span class='ocrx_word' id='word_1_138' title='bbox 791 2193 962 2258; x_wconf 88' lang='lat' dir='ltr'>convivalis</span> <span class='ocrx_word' id='word_1_139' title='bbox 996 2191 1179 2257; x_wconf 88' lang='lat' dir='ltr'>certaminis</span> <span class='ocrx_word' id='word_1_140' title='bbox 1210 2187 1356 2254; x_wconf 83' lang='lat' dir='ltr'>formam.</span> 
     </span>
     <span class='ocr_line' id='line_1_19' title="bbox 234 2297 1357 2388; baseline -0.003 -23"><span class='ocrx_word' id='word_1_141' title='bbox 234 2300 404 2366; x_wconf 81' lang='lat' dir='ltr'>Concludit</span> <span class='ocrx_word' id='word_1_142' title='bbox 431 2306 539 2365; x_wconf 87' lang='lat' dir='ltr'>autem</span> <span class='ocrx_word' id='word_1_143' title='bbox 565 2301 622 2367; x_wconf 86' lang='lat' dir='ltr'>illa</span> <span class='ocrx_word' id='word_1_144' title='bbox 649 2303 786 2387; x_wconf 86' lang='lat' dir='ltr'>primum</span> <span class='ocrx_word' id='word_1_145' title='bbox 817 2324 856 2369; x_wconf 86' lang='lat' dir='ltr'>ex</span> <span class='ocrx_word' id='word_1_146' title='bbox 885 2304 963 2388; x_wconf 89' lang='lat' dir='ltr'>ipsis</span> <span class='ocrx_word' id='word_1_147' title='bbox 985 2324 1069 2386; x_wconf 88' lang='lat' dir='ltr'>quae</span> <span class='ocrx_word' id='word_1_148' title='bbox 1091 2304 1220 2367; x_wconf 84' lang='lat' dir='ltr'>exstant</span> <span class='ocrx_word' id='word_1_149' title='bbox 1241 2297 1357 2382; x_wconf 90' lang='lat' dir='ltr'>ecoliis,</span> 
     </span>
     <span class='ocr_line' id='line_1_20' title="bbox 234 2410 1358 2499; baseline -0.004 -24"><span class='ocrx_word' id='word_1_150' title='bbox 234 2410 348 2476; x_wconf 90' lang='lat' dir='ltr'>deinde</span> <span class='ocrx_word' id='word_1_151' title='bbox 377 2431 418 2476; x_wconf 80' lang='lat' dir='ltr'>ex</span> <span class='ocrx_word' id='word_1_152' title='bbox 443 2412 665 2494; x_wconf 80' lang='lat' dir='ltr'>Aristophanis</span> <span class='ocrx_word' id='word_1_153' title='bbox 695 2413 773 2478; x_wconf 90' lang='lat' dir='ltr'>locis</span> <span class='ocrx_word' id='word_1_154' title='bbox 801 2414 1004 2496; x_wconf 87' lang='lat' dir='ltr'>quibusdam,</span> <span class='ocrx_word' id='word_1_155' title='bbox 1030 2434 1146 2499; x_wconf 88' lang='lat' dir='ltr'>parum</span> <span class='ocrx_word' id='word_1_156' title='bbox 1175 2417 1295 2487; x_wconf 90' lang='lat' dir='ltr'>tamen,</span> <span class='ocrx_word' id='word_1_157' title='bbox 1322 2415 1358 2472; x_wconf 90' lang='lat' dir='ltr'>ut</span> 
     </span>
     <span class='ocr_line' id='line_1_21' title="bbox 234 2521 1357 2607; baseline -0.006 -19"><span class='ocrx_word' id='word_1_158' title='bbox 234 2525 358 2607; x_wconf 91' lang='lat' dir='ltr'>opinor,</span> <span class='ocrx_word' id='word_1_159' title='bbox 381 2522 559 2588; x_wconf 88' lang='lat' dir='ltr'>intellectis.</span> <span class='ocrx_word' id='word_1_160' title='bbox 605 2523 668 2590; x_wconf 85' lang='lat' dir='ltr'>Sed</span> <span class='ocrx_word' id='word_1_161' title='bbox 691 2527 730 2590; x_wconf 89' lang='lat' dir='ltr'>de</span> <span class='ocrx_word' id='word_1_162' title='bbox 752 2525 802 2590; x_wconf 88' lang='lat' dir='ltr'>hie</span> <span class='ocrx_word' id='word_1_163' title='bbox 823 2525 929 2604; x_wconf 88' lang='lat' dir='ltr'>rebus,</span> <span class='ocrx_word' id='word_1_164' title='bbox 954 2547 1025 2591; x_wconf 90' lang='lat' dir='ltr'>cum</span> <span class='ocrx_word' id='word_1_165' title='bbox 1048 2524 1090 2588; x_wconf 90' lang='lat' dir='ltr'>ad</span> <span class='ocrx_word' id='word_1_166' title='bbox 1113 2521 1265 2604; x_wconf 86' lang='lat' dir='ltr'>originem</span> <span class='ocrx_word' id='word_1_167' title='bbox 1288 2538 1357 2582; x_wconf 90' lang='lat' dir='ltr'>sco·</span> 
     </span>
    </p>
   </div>
   <div class='ocr_carea' id='block_1_5' title="bbox 128 2628 1356 2722">
    <p class='ocr_par' dir='ltr' id='par_1_6' title="bbox 128 2628 1356 2722">
     <span class='ocr_line' id='line_1_22' title="bbox 128 2628 1356 2722; baseline -0.008 -21"><span class='ocrx_word' id='word_1_168' title='bbox 128 2713 133 2722; x_wconf 42' lang='lat'>,</span> <span class='ocrx_word' id='word_1_169' title='bbox 233 2635 347 2700; x_wconf 91' lang='lat' dir='ltr'>liorum</span> <span class='ocrx_word' id='word_1_170' title='bbox 370 2634 450 2700; x_wconf 92' lang='lat' dir='ltr'>nihil</span> <span class='ocrx_word' id='word_1_171' title='bbox 472 2635 782 2716; x_wconf 88' lang='lat' dir='ltr'>attineant‚·melius</span> <span class='ocrx_word' id='word_1_172' title='bbox 804 2639 946 2704; x_wconf 89' lang='lat' dir='ltr'>dicemus</span> <span class='ocrx_word' id='word_1_173' title='bbox 967 2637 1000 2700; x_wconf 90' lang='lat' dir='ltr'>in</span> <span class='ocrx_word' id='word_1_174' title='bbox 1023 2634 1126 2702; x_wconf 87' lang='lat' dir='ltr'>altera</span> <span class='ocrx_word' id='word_1_175' title='bbox 1148 2638 1241 2716; x_wconf 78' lang='lat' dir='ltr'>parte</span> <span class='ocrx_word' id='word_1_176' title='bbox 1262 2628 1356 2694; x_wconf 90' lang='lat' dir='ltr'>huius</span> 
     </span>
    </p>
   </div>
   <div class='ocr_carea' id='block_1_6' title="bbox 232 2745 1404 4159">
    <p class='ocr_par' dir='ltr' id='par_1_7' title="bbox 234 2745 469 2829">
     <span class='ocr_line' id='line_1_23' title="bbox 234 2745 469 2829; baseline 0.004 -19"><span class='ocrx_word' id='word_1_177' title='bbox 234 2745 469 2829; x_wconf 85' lang='lat' dir='ltr'>disputationis.</span> 
     </span>
    </p>

    <p class='ocr_par' dir='ltr' id='par_1_8' title="bbox 233 2855 1357 3282">
     <span class='ocr_line' id='line_1_24' title="bbox 318 2855 1356 2943; baseline -0.008 -21"><span class='ocrx_word' id='word_1_178' title='bbox 318 2857 491 2924; x_wconf 85' lang='lat' dir='ltr'>Koesterus</span> <span class='ocrx_word' id='word_1_179' title='bbox 507 2858 624 2942; x_wconf 89' lang='lat' dir='ltr'>aliique</span> <span class='ocrx_word' id='word_1_180' title='bbox 640 2861 695 2943; x_wconf 93' lang='lat' dir='ltr'>qui</span> <span class='ocrx_word' id='word_1_181' title='bbox 716 2866 791 2943; x_wconf 90' lang='lat' dir='ltr'>post</span> <span class='ocrx_word' id='word_1_182' title='bbox 805 2859 959 2943; x_wconf 90' lang='lat' dir='ltr'>llgenium</span> <span class='ocrx_word' id='word_1_183' title='bbox 975 2859 1015 2924; x_wconf 93' lang='lat' dir='ltr'>de</span> <span class='ocrx_word' id='word_1_184' title='bbox 1030 2856 1135 2923; x_wconf 90' lang='lat' dir='ltr'>scoliis</span> <span class='ocrx_word' id='word_1_185' title='bbox 1151 2855 1356 2936; x_wconf 86' lang='lat' dir='ltr'>scripserunt,</span> 
     </span>
     <span class='ocr_line' id='line_1_25' title="bbox 234 2957 1357 3054; baseline -0.003 -24"><span class='ocrx_word' id='word_1_186' title='bbox 234 2967 311 3031; x_wconf 93' lang='lat' dir='ltr'>nihil</span> <span class='ocrx_word' id='word_1_187' title='bbox 327 2967 465 3034; x_wconf 82' lang='lat' dir='ltr'>afferunt</span> <span class='ocrx_word' id='word_1_188' title='bbox 480 2971 554 3035; x_wconf 89' lang='lat' dir='ltr'>novi</span> <span class='ocrx_word' id='word_1_189' title='bbox 569 2970 692 3035; x_wconf 89' lang='lat' dir='ltr'>adrem</span> <span class='ocrx_word' id='word_1_190' title='bbox 708 2970 950 3054; x_wconf 86' lang='lat' dir='ltr'>expediendam,</span> <span class='ocrx_word' id='word_1_191' title='bbox 972 2967 1029 3034; x_wconf 90' lang='lat' dir='ltr'>sed</span> <span class='ocrx_word' id='word_1_192' title='bbox 1044 2967 1139 3034; x_wconf 89' lang='lat' dir='ltr'>modo</span> <span class='ocrx_word' id='word_1_193' title='bbox 1154 2957 1357 3047; x_wconf 85' lang='lat' dir='ltr'>obloquendo</span> 
     </span>
     <span class='ocr_line' id='line_1_26' title="bbox 233 3074 1356 3165; baseline -0.004 -23"><span class='ocrx_word' id='word_1_194' title='bbox 233 3078 327 3143; x_wconf 90' lang='lat' dir='ltr'>modo</span> <span class='ocrx_word' id='word_1_195' title='bbox 351 3080 555 3146; x_wconf 87' lang='lat' dir='ltr'>assentiendo</span> <span class='ocrx_word' id='word_1_196' title='bbox 584 3103 623 3147; x_wconf 84' lang='lat' dir='ltr'>ex</span> <span class='ocrx_word' id='word_1_197' title='bbox 651 3082 792 3165; x_wconf 89' lang='lat' dir='ltr'>priorum</span> <span class='ocrx_word' id='word_1_198' title='bbox 819 3080 989 3147; x_wconf 86' lang='lat' dir='ltr'>sententiis</span> <span class='ocrx_word' id='word_1_199' title='bbox 1011 3079 1097 3164; x_wconf 91' lang='lat' dir='ltr'>quod</span> <span class='ocrx_word' id='word_1_200' title='bbox 1119 3077 1234 3159; x_wconf 91' lang='lat' dir='ltr'>cuique</span> <span class='ocrx_word' id='word_1_201' title='bbox 1254 3074 1356 3138; x_wconf 86' lang='lat' dir='ltr'>uisum</span> 
     </span>
     <span class='ocr_line' id='line_1_27' title="bbox 233 3191 710 3282; baseline 0.01 -30"><span class='ocrx_word' id='word_1_202' title='bbox 233 3193 283 3252; x_wconf 88' lang='lat' dir='ltr'>eet</span> <span class='ocrx_word' id='word_1_203' title='bbox 304 3197 475 3256; x_wconf 85' lang='lat' dir='ltr'>secernunt</span> <span class='ocrx_word' id='word_1_204' title='bbox 497 3212 536 3282; x_wconf 76' lang='lat' dir='ltr'>ac</span> <span class='ocrx_word' id='word_1_205' title='bbox 558 3191 710 3276; x_wconf 73' lang='lat' dir='ltr'>seligunt:</span> 
     </span>
    </p>

    <p class='ocr_par' dir='ltr' id='par_1_9' title="bbox 232 3299 1404 3946">
     <span class='ocr_line' id='line_1_28' title="bbox 319 3299 1356 3385; baseline -0.006 -20"><span class='ocrx_word' id='word_1_206' title='bbox 319 3299 416 3366; x_wconf 89' lang='lat' dir='ltr'>Vides</span> <span class='ocrx_word' id='word_1_207' title='bbox 437 3301 535 3385; x_wconf 90' lang='lat' dir='ltr'>igitur</span> <span class='ocrx_word' id='word_1_208' title='bbox 556 3303 636 3367; x_wconf 89' lang='lat' dir='ltr'>nihil</span> <span class='ocrx_word' id='word_1_209' title='bbox 657 3302 696 3368; x_wconf 91' lang='lat' dir='ltr'>de</span> <span class='ocrx_word' id='word_1_210' title='bbox 719 3300 889 3368; x_wconf 90' lang='lat' dir='ltr'>scoliorum</span> <span class='ocrx_word' id='word_1_211' title='bbox 911 3302 1031 3384; x_wconf 86' lang='lat' dir='ltr'>origine</span> <span class='ocrx_word' id='word_1_212' title='bbox 1057 3302 1090 3364; x_wconf 91' lang='lat' dir='ltr'>in</span> <span class='ocrx_word' id='word_1_213' title='bbox 1113 3306 1207 3365; x_wconf 87' lang='lat' dir='ltr'>tanta</span> <span class='ocrx_word' id='word_1_214' title='bbox 1228 3302 1356 3362; x_wconf 89' lang='lat' dir='ltr'>senten·</span> 
     </span>
     <span class='ocr_line' id='line_1_29' title="bbox 233 3408 1390 3496; baseline -0.001 -24"><span class='ocrx_word' id='word_1_215' title='bbox 233 3408 352 3474; x_wconf 83' lang='lat' dir='ltr'>tiorum</span> <span class='ocrx_word' id='word_1_216' title='bbox 379 3409 597 3496; x_wconf 88' lang='lat' dir='ltr'>discrepantia</span> <span class='ocrx_word' id='word_1_217' title='bbox 625 3418 782 3478; x_wconf 86' lang='lat' dir='ltr'>constare.</span> <span class='ocrx_word' id='word_1_218' title='bbox 838 3411 901 3477; x_wconf 88' lang='lat' dir='ltr'>Sed</span> <span class='ocrx_word' id='word_1_219' title='bbox 928 3412 1089 3496; x_wconf 88' lang='lat' dir='ltr'>quomodo</span> <span class='ocrx_word' id='word_1_220' title='bbox 1111 3432 1145 3476; x_wconf 89' lang='lat' dir='ltr'>se</span> <span class='ocrx_word' id='word_1_221' title='bbox 1167 3409 1266 3474; x_wconf 89' lang='lat' dir='ltr'>hahet</span> <span class='ocrx_word' id='word_1_222' title='bbox 1288 3411 1355 3472; x_wconf 77' lang='lat' dir='ltr'>sco·</span> <span class='ocrx_word' id='word_1_223' title='bbox 1384 3441 1390 3453; x_wconf 93' lang='lat'><strong>·</strong></span> 
     </span>
     <span class='ocr_line' id='line_1_30' title="bbox 232 3517 1404 3605; baseline -0.002 -21"><span class='ocrx_word' id='word_1_224' title='bbox 232 3519 346 3587; x_wconf 89' lang='lat' dir='ltr'>liorurn</span> <span class='ocrx_word' id='word_1_225' title='bbox 379 3521 490 3604; x_wconf 75' lang='lat' dir='ltr'>origo?</span> <span class='ocrx_word' id='word_1_226' title='bbox 531 3521 579 3586; x_wconf 79' lang='lat' dir='ltr'>Ex</span> <span class='ocrx_word' id='word_1_227' title='bbox 606 3523 754 3588; x_wconf 90' lang='lat' dir='ltr'>omnibus</span> <span class='ocrx_word' id='word_1_228' title='bbox 787 3529 930 3588; x_wconf 85' lang='lat' dir='ltr'>veterum</span> <span class='ocrx_word' id='word_1_229' title='bbox 959 3544 1040 3605; x_wconf 85' lang='lat' dir='ltr'>quas</span> <span class='ocrx_word' id='word_1_230' title='bbox 1068 3521 1162 3586; x_wconf 88' lang='lat' dir='ltr'>attuli</span> <span class='ocrx_word' id='word_1_231' title='bbox 1189 3517 1357 3586; x_wconf 87' lang='lat' dir='ltr'>sententiis</span> <span class='ocrx_word' id='word_1_232' title='bbox 1400 3542 1404 3550; x_wconf 94' lang='lat'><em>·</em></span> 
     </span>
     <span class='ocr_line' id='line_1_31' title="bbox 234 3629 1356 3717; baseline -0.003 -21"><span class='ocrx_word' id='word_1_233' title='bbox 234 3631 323 3699; x_wconf 91' lang='lat' dir='ltr'>nulla</span> <span class='ocrx_word' id='word_1_234' title='bbox 350 3639 418 3697; x_wconf 86' lang='lat' dir='ltr'>tam</span> <span class='ocrx_word' id='word_1_235' title='bbox 444 3632 621 3716; x_wconf 87' lang='lat' dir='ltr'>probabilis</span> <span class='ocrx_word' id='word_1_236' title='bbox 652 3633 776 3700; x_wconf 86' lang='lat' dir='ltr'>videtur</span> <span class='ocrx_word' id='word_1_237' title='bbox 805 3655 902 3717; x_wconf 88' lang='lat' dir='ltr'>quam</span> <span class='ocrx_word' id='word_1_238' title='bbox 931 3632 1129 3698; x_wconf 89' lang='lat' dir='ltr'>Dicaearchi.</span> <span class='ocrx_word' id='word_1_239' title='bbox 1180 3631 1269 3707; x_wconf 84' lang='lat' dir='ltr'>Quae</span> <span class='ocrx_word' id='word_1_240' title='bbox 1290 3629 1356 3694; x_wconf 86' lang='lat' dir='ltr'>reri</span> 
     </span>
     <span class='ocr_line' id='line_1_32' title="bbox 234 3741 1357 3828; baseline -0.005 -18"><span class='ocrx_word' id='word_1_241' title='bbox 234 3766 272 3810; x_wconf 86' lang='lat' dir='ltr'>ac</span> <span class='ocrx_word' id='word_1_242' title='bbox 292 3745 423 3810; x_wconf 90' lang='lat' dir='ltr'>minime</span> <span class='ocrx_word' id='word_1_243' title='bbox 450 3744 588 3828; x_wconf 90' lang='lat' dir='ltr'>quaesiti</span> <span class='ocrx_word' id='word_1_244' title='bbox 611 3745 749 3827; x_wconf 89' lang='lat' dir='ltr'>speciem</span> <span class='ocrx_word' id='word_1_245' title='bbox 776 3765 856 3826; x_wconf 90' lang='lat' dir='ltr'>prae</span> <span class='ocrx_word' id='word_1_246' title='bbox 884 3765 917 3810; x_wconf 90' lang='lat' dir='ltr'>se</span> <span class='ocrx_word' id='word_1_247' title='bbox 943 3745 1048 3810; x_wconf 87' lang='lat' dir='ltr'>ferens</span> <span class='ocrx_word' id='word_1_248' title='bbox 1071 3741 1276 3825; x_wconf 80' lang='lat' dir='ltr'>simplicitate</span> <span class='ocrx_word' id='word_1_249' title='bbox 1298 3761 1357 3805; x_wconf 88' lang='lat' dir='ltr'>sua</span> 
     </span>
     <span class='ocr_line' id='line_1_33' title="bbox 233 3853 1363 3946; baseline 0.004 -28"><span class='ocrx_word' id='word_1_250' title='bbox 233 3853 330 3920; x_wconf 82' lang='lat' dir='ltr'>elficit</span> <span class='ocrx_word' id='word_1_251' title='bbox 351 3855 403 3919; x_wconf 90' lang='lat' dir='ltr'>cui</span> <span class='ocrx_word' id='word_1_252' title='bbox 423 3853 517 3919; x_wconf 82' lang='lat' dir='ltr'>facile</span> <span class='ocrx_word' id='word_1_253' title='bbox 540 3855 761 3922; x_wconf 84' lang='lat' dir='ltr'>assentiamur.</span> <span class='ocrx_word' id='word_1_254' title='bbox 1358 3937 1363 3946; x_wconf 32' lang='grc' dir='ltr'>Ι</span> 
     </span>
    </p>

    <p class='ocr_par' dir='ltr' id='par_1_10' title="bbox 232 3964 1357 4159">
     <span class='ocr_line' id='line_1_34' title="bbox 318 3964 1357 4049; baseline 0.001 -20"><span class='ocrx_word' id='word_1_255' title='bbox 318 3965 424 4030; x_wconf 86' lang='lat' dir='ltr'>Scolia</span> <span class='ocrx_word' id='word_1_256' title='bbox 438 3965 535 4049; x_wconf 89' lang='lat' dir='ltr'>igitur</span> <span class='ocrx_word' id='word_1_257' title='bbox 549 3985 663 4032; x_wconf 91' lang='lat' dir='ltr'>censeo</span> <span class='ocrx_word' id='word_1_258' title='bbox 678 3985 743 4032; x_wconf 88' lang='lat' dir='ltr'>non</span> <span class='ocrx_word' id='word_1_259' title='bbox 765 3972 834 4030; x_wconf 87' lang='lat' dir='ltr'>tam</span> <span class='ocrx_word' id='word_1_260' title='bbox 858 3985 928 4030; x_wconf 85' lang='lat' dir='ltr'>esse</span> <span class='ocrx_word' id='word_1_261' title='bbox 943 3985 1133 4049; x_wconf 90' lang='lat' dir='ltr'>quocunque</span> <span class='ocrx_word' id='word_1_262' title='bbox 1149 3964 1357 4030; x_wconf 83' lang='lat' dir='ltr'>mtificioeoie</span> 
     </span>
     <span class='ocr_line' id='line_1_35' title="bbox 232 4073 1355 4159; baseline 0.001 -21"><span class='ocrx_word' id='word_1_263' title='bbox 232 4075 327 4142; x_wconf 89' lang='lat' dir='ltr'>modo</span> <span class='ocrx_word' id='word_1_264' title='bbox 349 4076 495 4140; x_wconf 85' lang='lat' dir='ltr'>carmina</span> <span class='ocrx_word' id='word_1_265' title='bbox 516 4082 650 4141; x_wconf 85' lang='lat' dir='ltr'>cantata</span> <span class='ocrx_word' id='word_1_266' title='bbox 671 4097 767 4159; x_wconf 86' lang='lat' dir='ltr'>quam</span> <span class='ocrx_word' id='word_1_267' title='bbox 792 4075 970 4141; x_wconf 89' lang='lat' dir='ltr'>cantilenas</span> <span class='ocrx_word' id='word_1_268' title='bbox 992 4076 1087 4141; x_wconf 90' lang='lat' dir='ltr'>modo</span> <span class='ocrx_word' id='word_1_269' title='bbox 1115 4075 1156 4140; x_wconf 89' lang='lat' dir='ltr'>ab</span> <span class='ocrx_word' id='word_1_270' title='bbox 1179 4075 1239 4140; x_wconf 93' lang='lat' dir='ltr'>hoc</span> <span class='ocrx_word' id='word_1_271' title='bbox 1261 4073 1355 4140; x_wconf 90' lang='lat' dir='ltr'>modo</span> 
     </span>
    </p>
   </div>
   <div class='ocr_carea' id='block_1_7' title="bbox 0 0 1618 4734">
    <p class='ocr_par' dir='ltr' id='par_1_11' title="bbox 0 0 1618 4734">
     <span class='ocr_line' id='line_1_36' title="bbox 0 0 1618 4734; baseline 0 1"><span class='ocrx_word' id='word_1_272' title='bbox 0 0 1618 4734; x_wconf 95' lang='lat' dir='ltr'> </span> 
     </span>
    </p>
   </div>
  </div>
 </body>
</html>
