3226 4734
793 250 810 307 6

323 440 410 519 Quae
426 442 512 525 quod
529 464 590 507 non
607 443 783 525 satispura
797 443 955 526 leguntur,
975 442 1053 507 nihil
1068 448 1175 508 tumen
1193 444 1235 508 ad
1256 445 1358 527 ipsam

238 551 429 616 sententiam
463 552 611 634 pertinet.
650 552 794 617 .Etenim
828 574 911 635 quae
945 552 1096 618 exhibent
1128 553 1267 618 codices:
1309 556 1361 616 καὶ

238 662 319 724 κατὰ
341 667 435 725 τόπον
457 663 525 726 τινὰ
547 670 572 727 εἰ
595 663 714 752 rixones
740 662 832 741 ὄντες,
863 683 902 726 ea
924 662 1086 728 Athenaei
1108 662 1157 729 vel
1179 663 1361 728 Artemonis

239 792 393 835 essenon
416 778 561 853 possunt,
590 771 651 836 nisi
678 795 745 837 rem
769 771 1034 856 simplicissimam
1062 771 1182 837 inculte
1205 794 1242 839 ac
1264 772 1361 854 plane

238 881 371 948 obscure
400 901 583 963 expressam
611 903 680 946 esse
706 887 840 948 statuas.
897 881 963 948 Nec
996 880 1172 965 elegantior
1203 881 1241 946 fit
1273 882 1361 947 locus

239 991 343 1056 Clodii
372 993 423 1072 (de
447 1013 510 1075 quo
534 1014 559 1059 v.
584 993 678 1072 infra)
709 991 897 1057 vocabulum
921 999 945 1056 εἰ
968 991 1103 1057 delentis
1126 991 1360 1057 emendatione.

239 1101 308 1165 Alio
331 1101 425 1166 modo
447 1125 499 1169 res
522 1103 679 1168 tentanda
701 1107 758 1167 est.
1319 1115 1325 1124 '

324 1211 480 1294 Equidem
508 1213 541 1277 in
570 1213 678 1278 codice
712 1211 884 1295 archetypo
912 1210 1055 1296 suspicor
1081 1213 1240 1281 exstitisse
1266 1235 1361 1276 τοπον

139 1377 144 1384 .
239 1346 271 1385 ον
294 1345 361 1386 τινα
377 1347 405 1401 α,
430 1321 514 1386 unde
529 1323 647 1387 menda
660 1321 809 1386 facillime
825 1322 914 1386 nasci
935 1323 1055 1405 potuit;
1081 1344 1140 1407 pro
1156 1326 1237 1397 ὄντες
1252 1327 1361 1386 autem

239 1421 441 1495 scribendum
472 1439 604 1521 ἔχοντες,
638 1432 725 1515 quod
758 1430 885 1514 quidem
920 1433 1080 1514 quomodo
1113 1441 1178 1499 tam
1214 1431 1360 1498 mutilum

238 1539 358 1604 factum
381 1540 432 1620 sit,
457 1563 529 1606 cum
545 1541 669 1626 syllaba
691 1567 721 1606 εν
736 1541 919 1626 praecedat,
943 1542 1022 1607 nihil
1043 1543 1140 1608 habet
1154 1541 1360 1608 difficultatis.

238 1648 290 1713 lta
310 1649 407 1731 igitur
429 1672 543 1716 censeo
570 1652 771 1718 Athenaeum
792 1653 969 1736 scripsisse:
1001 1703 1057 1718 ...
1082 1656 1133 1717 καὶ
1155 1655 1236 1717 κατὰ
1258 1654 1361 1734 τόπον,

240 1761 367 1822 ὅντινα
395 1765 453 1824 ἀεὶ
481 1747 599 1852 τύχοοεν
623 1771 772 1852 ἔχοντες
800 1765 819 1828 i.
850 1785 876 1829 e.
911 1784 1102 1846 quocunque
1131 1762 1266 1846 quisque
1291 1760 1361 1827 loeo

238 1867 320 1933 forte
349 1870 507 1936 accubuit.
558 1871 649 1937 Nunc
677 1873 766 1950 clara
793 1879 825 1939 et
854 1880 968 1957 aperta
994 1893 1046 1938 res
1073 1880 1202 1939 estnec
1224 1871 1362 1955 amplius

239 1979 412 2064 quidquam
427 1983 635 2050 desideratur.
659 1983 750 2062 Quod
765 1985 873 2048 statim
897 1983 1029 2049 inferius
1043 1979 1188 2066 sequitui
1202 1987 1362 2075 γενόμενον

239 2092 305 2156 sive
327 2095 494 2182 γενόμενος,
522 2094 658 2159 fortasse
686 2101 869 2176 corruptum
905 2101 954 2158 est
982 2092 1252 2177 reficiendumque
1278 2095 1362 2184 γένος

239 2192 397 2289 ᾀδόμενον.
442 2203 578 2269 Omnino
606 2210 714 2271 autem
743 2225 980 2287 supervacanea
1006 2205 1153 2270 videntur
1175 2205 1273 2272 verba
1295 2203 1363 2267 ἀλλ’

240 2311 316 2374 ὅπου
333 2319 435 2400 ἔτυχεν
452 2313 540 2395 sirau
559 2337 639 2400 quae
655 2316 781 2399 quidem
799 2316 866 2380 siue
882 2315 979 2382 dubio
991 2339 1008 2383 e
1019 2315 1210 2401 glossemate
1222 2315 1361 2399 quodam

239 2421 400 2506 inipsum
422 2430 544 2490 textum
567 2426 775 2514 irrepserunt,
1045 2423 1048 2428 ’

325 2531 382 2598 Est
402 2533 499 2617 igitur
520 2537 614 2624 illius,
638 2559 721 2621 quae
744 2539 857 2604 eadem
878 2541 985 2605 fuerat
1000 2537 1187 2604 Dicaearchi
1203 2534 1363 2601 sententia

238 2641 305 2707 fere
319 2635 418 2711 haec:
457 2649 511 2713 ubi
532 2671 584 2715 res
607 2651 649 2716 ad
671 2651 770 2718 seclia
792 2653 922 2731 venerit,
949 2672 1042 2715 suum
1066 2669 1224 2732 quemque
1246 2647 1362 2725 locum,

240 2776 303 2837 quo
327 2762 425 2823 antea
447 2759 573 2841 sederit,
597 2763 746 2830 tenuisse.
791 2763 924 2829 Poterat
944 2763 1027 2830 enim
1043 2763 1136 2828 facile
1151 2762 1223 2846 quis
1238 2760 1363 2845 opinari

239 2866 340 2931 scolia
369 2876 556 2938 cantaturos
589 2875 680 2940 sedes
708 2897 783 2941 suas
811 2882 953 2942 mutasse
981 2883 1014 2941 et
1041 2897 1061 2941 a
1089 2873 1203 2938 ceteris
1237 2879 1364 2938 amotos

169 3027 171 3032 .
239 2977 371 3060 propius
392 2980 477 3046 inter
498 3005 532 3048 se
555 3007 618 3052 uno
640 2985 710 3052 loco
734 2988 924 3054 consedisse.
969 2987 1059 3066 Quod
1088 3009 1170 3053 cum·
1186 3006 1249 3051 non
1272 2985 1364 3050 fieret

240 3109 298 3153 nec
314 3111 423 3157 omnes
440 3105 600 3175 canerent,
625 3099 702 3164 ordo
724 3099 959 3164 convivantium
975 3099 1136 3182 seriesque
1150 3098 1362 3179 interrumpe-

240 3197 337 3265 batur
351 3223 486 3287 eamque
501 3213 618 3288 putant
639 3208 685 3272 illi
701 3231 830 3274 causam
855 3210 1079 3294 appellationis
1101 3209 1209 3275 fuisse.

304 3315 475 3406 ¹Attamen
521 3339 577 3382 cur
614 3318 837 3401 prudentiores
875 3311 1098 3386 tantummodo
1135 3319 1272 3386 canendi
1307 3317 1363 3382 illa

239 3423 334 3502 periti
356 3423 483 3507 fuerint,
508 3450 570 3493 non
587 3429 682 3495 modo
697 3452 760 3495 non
778 3431 937 3510 docemur,
961 3431 1017 3496 sed
1036 3431 1165 3496 omnino
1182 3430 1362 3496 contrariae

239 3533 444 3614 proferuntur
478 3541 665 3605 sententiae.
721 3541 911 3607 Plutarchus
945 3541 1071 3607 difficile
1100 3541 1240 3607 affirmat
1265 3542 1363 3606 fuisse

239 3648 281 3708 ud
305 3647 493 3727 canendum,
517 3650 609 3715 facile
632 3652 761 3736 aliquod
784 3674 853 3717 esse
872 3651 991 3719 scolion
1008 3653 1054 3717 ait
1070 3651 1193 3718 Suidas.
1233 3653 1363 3736 Proclus

239 3775 313 3819 vero
342 3760 404 3839 (ap.
429 3758 520 3824 Phot.
548 3782 579 3843 p.
605 3767 679 3845 988)
709 3763 916 3847 similiterque
943 3764 1049 3829 Horus
1078 3765 1195 3848 (Etym.
1219 3763 1261 3828 M.
1286 3785 1310 3828 s.
1335 3785 1362 3829 v.

240 3864 351 3948 ΣΚΟ.)
375 3869 474 3934 scolia
495 3871 527 3934 in
550 3873 700 3938 extremis
722 3874 832 3956 epulis,
857 3896 927 3938 cum
951 3875 1023 3940 vino
1042 3875 1111 3956 jam
1134 3875 1271 3940 laxiores
1286 3873 1363 3939 facti

240 3985 346 4040 essent
363 3981 546 4046 canentium
570 3983 668 4048 animi
684 3991 741 4048 aut
756 4004 901 4065 corpora,
916 3985 966 4050 ab
982 3985 1078 4050 ebriis
1095 4007 1132 4050 ac
1147 3985 1365 4051 titubantibus

239 4088 378 4153 convivis
416 4099 548 4159 cantata
584 4116 653 4160 esse
690 4096 816 4173 volunt,
861 4094 946 4161 unde
982 4096 1054 4180 ipsa
1090 4097 1234 4164 carmina
1271 4096 1363 4179 quasi
