3226 4734
227 477 386 564 enimvero
415 497 479 559 quo
511 475 718 558 simpliciores
747 497 804 550 eae
832 476 897 539 sint
924 480 981 539 aut
1014 475 1082 540 fieri
1111 475 1353 562 interpretando

226 587 359 671 possint,
388 607 426 652 eo
456 587 621 670 propiores
646 586 713 652 fere
736 607 805 652 esse
826 607 910 651 vero.
964 585 1018 650 Sic
1038 585 1136 671 igitur
1156 585 1260 669 ipsam
1283 607 1354 651 sco·
1411 616 1421 632 =

226 697 341 764 liorurn
355 696 577 762 recitationem
599 696 825 764 desdribemus.
855 694 1101 764 Prudentiorum
1117 697 1261 780 quisquis
1289 697 1353 763 sive
1435 761 1442 774 ,

228 805 582 904 aceterisrogatussive
594 829 652 874 suo
663 809 732 893 ipse
743 808 1028 893 ingenioiucitatus
1037 815 1169 873 cantare
1178 807 1315 892 volebat,
1326 809 1356 872 is
1371 869 1377 882 ,

228 918 393 1000 cantabat,
417 919 530 984 ceteris
546 917 667 984 scilieet
689 922 787 986 tacite
804 920 1022 990 audientibus.
1053 918 1155 997 Hunc,
1179 919 1206 982 si
1229 919 1355 983 animus

228 1028 362 1110 ferebat,
385 1030 437 1094 hic
459 1035 516 1094 aut
538 1027 600 1110 ille,
624 1049 815 1116 quocunque
842 1030 913 1097 loco
944 1029 1087 1109 sedebat,
1116 1029 1212 1094 nullis
1234 1029 1355 1095 ordinis

196 1127 200 1134 ’
230 1141 308 1205 certi
329 1140 463 1205 vinculis
479 1141 637 1206 coercitus
652 1123 833 1225 excipiebat
849 1149 881 1208 et
896 1143 941 1208 sic
955 1163 1063 1226 porro,
1079 1141 1180 1205 donee
1195 1145 1228 1206 et
1243 1140 1355 1204 audire

230 1259 262 1316 et
284 1256 416 1332 eantare
450 1250 589 1316 convivis
619 1251 778 1334 placebat.
835 1252 968 1319 Poterat
997 1252 1134 1318 fortasse
1162 1251 1244 1316 alius
1273 1251 1355 1316 alius

229 1383 358 1428 carmen
382 1367 440 1427 ant
463 1361 528 1427 alia
541 1362 762 1429 modulatione
777 1385 892 1430 canere
913 1371 970 1430 aut
993 1363 1155 1430 sententia
1175 1361 1353 1446 paullulum

230 1479 357 1538 mutata
384 1473 478 1555 quasi
511 1494 634 1538 novum.
655 1474 688 1537 in
718 1474 857 1539 medium
886 1474 969 1540 ferre
998 1475 1155 1557 antipae,
1179 1473 1355 1556 siingenio

230 1584 302 1668 plus
326 1583 463 1658 valebat,
488 1583 609 1667 aliquid
631 1587 773 1651 invenire
795 1592 852 1651 ant
869 1589 1037 1668 poetarum
1061 1585 1205 1651 carmina
1227 1591 1355 1650 senten·

231 1696 316 1760 tiosa
337 1694 483 1764 renitere.
530 1696 675 1779 Denique
698 1697 778 1761 nihil
798 1701 1005 1780 praeceptum
1030 1695 1252 1779 sancitamque
1275 1702 1355 1760 erat.

317 1806 387 1883 Qua
409 1807 449 1872 de
471 1828 506 1872 re
528 1828 601 1872 cum
624 1829 664 1872 ex
686 1808 878 1891 scriptorum
892 1807 972 1874 locis
993 1807 1072 1871 nihil
1096 1806 1232 1890 amplius
1254 1806 1356 1888 possit

232 1918 339 1997 statui,
373 1938 438 1983 non
471 1918 574 1982 ausim
607 1918 762 2001 iigenium
790 1921 881 2002 sequi
908 1919 1001 1984 nimis
1031 1917 1195 2001 audacter,
1222 1923 1258 1981 ut
1279 1916 1356 1980 mihi

232 2029 366 2108 videtur,
389 2028 611 2112 conjicientem
625 2029 722 2094 fuisse
737 2028 842 2094 sooliis
864 2027 1000 2096 formam
1016 2028 1210 2095 certaminis.
1253 2028 1356 2106 Quam

232 2145 328 2221 putat
350 2145 383 2204 et
403 2137 495 2204 initio
517 2138 615 2205 fuisse
642 2160 777 2223 eamque
805 2139 892 2222 apud
919 2145 1034 2223 politas
1065 2161 1130 2205 una
1151 2140 1357 2206 convivantes

235 2256 268 2314 et
287 2255 402 2332 postea
423 2248 588 2328 mansisse,
610 2251 659 2314 ita
681 2256 717 2314 ut
737 2249 1103 2354 primustargumentum
1126 2249 1288 2333 quoddam
1308 2250 1356 2313 in-

236 2360 364 2442 ceperit,
387 2359 484 2426 ceteri
507 2365 600 2425 extra
622 2360 766 2426 ordinem
795 2360 879 2426 idem
913 2361 1044 2426 variatis
1066 2361 1207 2450 numeris
1230 2367 1263 2425 et
1285 2380 1357 2425 seu·
1391 2429 1399 2446 .

234 2470 344 2536 tentiis
359 2471 539 2548 tractarint‚
563 2470 693 2537 ultimus
709 2493 827 2536 novum
847 2473 1018 2555 protulerit
1033 2478 1256 2557 argumentum
1272 2468 1358 2553 quod

234 2580 311 2645 item
334 2581 584 2648 continuaretur.
634 2589 739 2666 Atque
769 2582 859 2648 addit
895 2583 992 2648 etiam
1019 2583 1166 2648 dextram
1193 2601 1302 2648 versus
1324 2580 1358 2645 id
1384 2578 1389 2585 ’

234 2689 354 2756 lactum
378 2676 456 2758 essess
689 2677 691 2682 ¹

321 2801 489 2868 Concludit
512 2807 619 2867 autem
642 2801 698 2867 illa
720 2808 753 2867 et
774 2824 814 2867 ex
835 2803 913 2886 ipsis
936 2803 1041 2868 sooliis
1070 2809 1102 2869 et
1124 2825 1164 2868 ex
1185 2803 1255 2868 loeo
1279 2823 1357 2883 quo·

235 2912 310 2977 dam
333 2912 565 2997 Aristophanis.
611 2911 674 2977 Sed
697 2914 752 2995 qui
774 2935 813 2978 ex
835 2914 907 2997 ipsa
934 2914 1104 2980 scoliorum
1126 2913 1229 2980 forma
1250 2919 1359 2996 potest

235 3021 314 3089 illud
338 3022 505 3088 concludi?
535 3021 645 3106 Neque
666 3022 700 3087 id
722 3044 851 3088 emman
868 3025 954 3108 quod
968 3024 1089 3109 Ilgenio
1105 3025 1243 3090 maximo
1264 3023 1358 3105 hujus

236 3135 394 3216 opinionis
426 3134 618 3200 documento
651 3139 710 3214 est,
744 3155 872 3200 carmen
907 3135 979 3201 dieo
1011 3137 1045 3201 in
1083 3135 1292 3201 Harmodium
1326 3139 1359 3198 et

235 3245 493 3328 Aristogitonem,
517 3244 549 3308 in
573 3250 713 3328 quatuor
742 3245 965 3312 cantiunculas
987 3246 1201 3312 divellendum
1224 3245 1357 3310 videtur.

236 3353 313 3431 Quis
335 3361 443 3420 autem
465 3356 553 3438 ipsas
575 3356 752 3421 carminum
767 3357 969 3444 quorundam
985 3357 1180 3423 imitationes
1193 3378 1252 3440 pro
1277 3355 1359 3420 veris

236 3465 342 3532 aeoliis
365 3472 423 3531 aut
444 3465 613 3532 scoliorum
634 3465 895 3551 responsionibus
912 3466 1052 3534 habeat?

321 3575 543 3659 Aristophanis
575 3576 664 3643 loeus
697 3583 747 3643 est
779 3577 875 3659 Vesp.
910 3600 937 3642 v.
976 3585 1055 3644 1220
1089 3599 1138 3663 sq.
1187 3576 1279 3642 Facit
1307 3576 1358 3641 hic

236 3690 334 3768 podta
353 3685 595 3771 Bdelycleonem
616 3687 715 3752 filium
738 3693 946 3770 quaerentem
969 3709 1009 3754 ex
1030 3693 1123 3772 patre
1146 3685 1357 3766 Philemenns,

237 3797 320 3862 sitne
341 3799 375 3862 in
397 3797 540 3863 convivio
562 3799 671 3864 statim
693 3797 843 3864 habendo
858 3798 957 3866 scolia
972 3799 1058 3866 bene
1069 3804 1268 3881 excepturus.
1307 3799 1359 3864 Ait

237 3905 299 3973 ille.
344 3909 423 3975 Tum
445 3908 529 3973 filius
550 3909 663 3993 incipit
684 3930 812 3975 carmen
834 3917 1023 3993 patremque
1050 3908 1140 3976 iubet
1161 3909 1357 3975 continuare.

236 4015 329 4084 Hanc
344 4018 482 4104 Ilgenius
501 4019 627 4104 putavit
645 4042 715 4086 esse
736 4020 1007 4086 continuationem
1032 4019 1188 4086 eiusmodi
1209 4025 1244 4085 ut
1272 4020 1357 4086 idem

237 4148 367 4226 carmen
388 4135 589 4213 repeteretur
603 4131 729 4196 variata
750 4131 920 4197 sententia.
951 4130 1013 4196 Sed
1036 4131 1175 4214 primum
1191 4129 1225 4196 id
1247 4137 1358 4195 tenen-

238 4238 313 4303 dum
336 4250 394 4319 est,
419 4242 529 4306 comici
552 4241 632 4305 haee
654 4242 751 4306 verba
774 4237 843 4306 es'e
866 4241 974 4307 omnia
1002 4241 1188 4306 cavillantia.
1236 4241 1359 4306 Deinde
