3226 4734
706 247 800 308 .1s

224 443 346 526 pridem
384 449 551 510 haosacta
583 450 880 512 commemorentur.
936 445 993 520 At,
1027 441 1144 508 dixerit
1177 442 1346 526 quispiam,

225 561 377 636 poterant
409 554 606 635 antiquiores
638 556 799 636 morisque
826 553 911 619 illius
942 553 1111 636 peritiores
1144 555 1246 620 secuti
1279 574 1347 618 esse

225 669 381 730 auctores.
407 662 562 730 Poterant
573 663 619 728 illi
634 663 772 746 quidem,
789 664 845 730 sed
860 685 937 729 num
949 664 1083 730 fecerint
1097 663 1190 728 valde
1204 663 1346 733 dubium.

224 772 335 858 Neque
357 774 441 838 enim
465 777 632 856 quisquam
657 796 767 840 eorum
788 781 918 859 praeter
941 796 1038 840 unum
1063 775 1262 840 Athenaeum
1284 797 1347 858 quo

225 893 354 948 auctore
382 885 506 950 nitatur
534 883 640 950 refert
685 885 728 950 Et
754 906 794 950 ne
821 885 874 951 ille
902 885 1031 967 quidem
1058 907 1076 950 e
1106 887 1186 952 satis
1214 887 1347 968 antiquo

224 995 314 1066 fonte
337 995 479 1060 hausisse
501 996 635 1062 videtur.

308 1104 397 1182 Quae
419 1126 491 1170 cum
511 1107 559 1172 ita
581 1107 655 1186 sint,
678 1106 856 1172 cavendum
878 1112 928 1171 est
950 1127 990 1170 ne
1011 1106 1162 1172 temerius
1179 1107 1348 1172 credemus

225 1235 287 1280 neu
309 1214 397 1281 dubii
419 1215 496 1298 quid
517 1238 576 1300 pro
599 1222 689 1296 certo¹
710 1217 895 1283 habeamus.

308 1325 397 1394 Haec
432 1326 531 1392 habui
568 1349 651 1411 quae
688 1330 781 1412 quasi
824 1326 1047 1411 praefulcirem
1090 1332 1124 1391 et
1163 1329 1347 1411 praemuni-

224 1455 300 1501 rem.
355 1437 425 1503 Iam
466 1437 553 1504 locos
597 1438 752 1506 adeamus
788 1439 843 1522 qui
882 1444 957 1504 sunt
994 1438 1034 1504 de
1071 1460 1131 1503 usu
1167 1438 1346 1506 scoliorum.

150 1575 174 1644 '¹
225 1546 409 1612 Athenaeus
430 1547 451 1614 l.
473 1547 541 1614 XV.
564 1571 597 1633 p.
627 1556 686 1614 694
715 1550 760 1614 sic
787 1549 911 1615 scribit:
951 1552 987 1614 τὰ
1016 1541 1050 1614 δὲ
1077 1560 1215 1614 τοιοῦτον
1242 1543 1346 1640 ᾔδετο,

225 1659 317 1724 ὁπότε
339 1660 379 1722 τὰ
401 1661 487 1724 κοινὰ
509 1661 560 1724 καὶ
581 1671 669 1724 πᾶσιν
692 1664 845 1750 ἀναγκαῖα
865 1661 953 1735 τέλος
973 1660 1105 1742 λάβοιεν.
1146 1666 1182 1726 In
1198 1661 1348 1726 conviviis

224 1773 357 1834 cantata
368 1790 437 1838 esse
448 1768 611 1836 affirmant
626 1768 751 1849 Suidas,
767 1768 941 1835 scholiasta
955 1769 1187 1853 Aristophanis,
1204 1770 1346 1851 Procius,

226 1877 289 1944 elii.
334 1879 474 1957 Quorum
498 1881 561 1946 duo
583 1880 630 1945 illi
651 1881 774 1962 priores
801 1900 900 1960 genus
928 1881 1106 1945 carminum
1136 1881 1347 1946 convivalium

224 1989 323 2056 ecclia
345 1998 475 2070 vocant,
503 1990 634 2056 Proclus
655 2009 730 2056 vero
757 1989 790 2055 id
812 1990 1036 2056 tantummodo
1058 1989 1149 2071 dicit,
1178 2012 1231 2071 ea,
1260 1992 1348 2075 quod

224 2099 309 2164 inter
319 2099 493 2166 bibendum
509 2106 710 2178 canerentur,
727 2120 747 2165 a
762 2100 924 2165 nonnullis
939 2103 1077 2188 παροίνια
1089 2121 1158 2166 esse
1170 2102 1347 2169 nominata.

226 2209 458 2276 Discernuntur
491 2217 599 2276 autem
632 2231 653 2275 a
679 2209 807 2276 Polluce
841 2209 1347 2296 (innomasticol.Vl.,108)

225 2319 289 2396 duo
311 2340 438 2403 genera,
461 2321 598 2386 alterum
620 2324 765 2409 παροίνια,
788 2320 926 2387 alterum
948 2323 1064 2388 σκόλια.

285 2431 288 2438 ’
309 2431 346 2496 In
358 2431 509 2498 conviviis
520 2431 616 2514 igitur
627 2451 667 2496 ea
678 2432 751 2498 cani
765 2431 922 2500 solebant.
944 2431 1100 2496 Nimirum
1113 2432 1347 2514 antiquioribus

225 2542 422 2624 temporibus
448 2541 592 2608 convivia
618 2547 712 2607 erant
742 2543 909 2625 potissima
938 2542 1113 2608 amicorum
1138 2541 1346 2608 consuetudo.

225 2652 267 2716 Et
289 2653 365 2735 quid
388 2652 511 2717 dulcius
533 2652 639 2734 potuit
661 2674 741 2736 esse,
769 2651 846 2735 quid
874 2654 974 2735 magis
1002 2651 1162 2718 delectare
1190 2673 1287 2735 quam
1316 2658 1349 2717 et

225 2763 310 2828 seria
331 2768 364 2828 et
378 2763 488 2829 mollia
503 2753 535 2827 et
550 2762 642 2828 utilia
658 2757 715 2828 aut
728 2761 993 2846 ipsumproferre
1008 2769 1065 2828 aut
1080 2784 1120 2828 ex
1135 2763 1206 2829 eliis
1221 2762 1346 2828 audiret

310 2873 385 2940 Tria
406 2874 502 2957 igitur
524 2873 734 2940 convivalium
760 2855 938 2938 carminum
960 2893 1078 2956 genera
1100 2881 1223 2939 veteres
1250 2872 1348 2938 fuisse

225 2984 344 3064 dicunt,
358 2989 394 3050 ut
409 3004 507 3069 supra
518 2983 815 3062 demonstravimus,
830 2984 968 3067 primum
982 3004 1124 3066 paeanes
1139 3005 1219 3067 quoe
1233 2980 1348 3048 Pollux

225 3094 342 3178 aliique
369 3095 430 3162 hoc
457 3095 490 3159 in
519 3115 651 3160 numero
678 3094 828 3160 habuisse
856 3115 920 3160 non
947 3071 1110 3174 videntur,
1144 3094 1281 3160 alterum
1308 3113 1348 3157 ea

225 3213 300 3271 sunt
327 3206 471 3272 carmina
498 3225 581 3287 quae
608 3207 745 3294 παροίνια
778 3205 979 3288 potissimum
1011 3211 1182 3284 vocantur,
1216 3205 1347 3270 tertium

225 3314 332 3380 scolia.
377 3315 515 3394 Quorum
540 3314 620 3380 hacc
640 3320 713 3398 post
735 3315 845 3398 priora
866 3314 923 3381 illa
943 3337 1062 3400 genera
1084 3316 1126 3381 ad
1148 3336 1259 3382 omnes
1274 3337 1346 3399 per-

225 3425 364 3492 tinentia
386 3447 456 3491 esse
470 3430 604 3490 cantata
618 3430 756 3491 testatur
772 3426 971 3508 Athenaeum
993 3427 1045 3493 cui
1059 3446 1138 3492 sane
1154 3425 1347 3491 credendum

225 3540 283 3599 est.
328 3536 405 3612 Quis
427 3536 511 3600 euim
533 3535 625 3600 initio
648 3556 687 3602 ac
708 3556 774 3602 non
795 3537 903 3620 potius
923 3537 956 3601 in
978 3537 1042 3602 fine
1064 3557 1183 3602 coenae
1200 3535 1348 3601 instituet

224 3645 429 3710 convivarum
450 3645 543 3714 ludos
565 3646 631 3711 sive
653 3666 822 3730 corporum
844 3647 910 3711 sive
931 3646 1108 3712 mentium?

308 3757 467 3835 Quoniam
478 3755 599 3824 deloco
611 3777 650 3822 ac
666 3762 809 3839 tempore
821 3756 900 3822 satis
912 3756 1029 3822 dixisse
1041 3756 1119 3822 mihi
1131 3756 1248 3838 videor,
1261 3777 1347 3822 nunc

224 3865 265 3932 de
297 3866 409 3933 ordine
441 3865 569 3950 rituque
605 3867 639 3932 in
680 3865 786 3934 scoliis
825 3868 995 3932 cantandis
1034 3867 1145 3933 habito
1178 3867 1345 3936 disseram.

224 3975 309 4054 Ques
322 3975 357 4044 in
372 3975 460 4041 verbi
471 3977 591 4060 origine
602 3978 788 4060 quaerenda
801 3976 993 4043 refellendas
1007 3961 1157 4060 putaram
1169 3980 1350 4044 sententias

223 4085 308 4152 hauc
329 4084 425 4152 simul
445 4086 488 4151 ad
509 4107 578 4152 rem
599 4087 806 4168 pertinentes,
829 4086 959 4154 easdem
981 4087 1032 4154 bic
1053 4107 1126 4155 cum
1147 4088 1188 4155 de
1209 4088 1346 4154 canendi

223 4195 319 4262 modo
341 4197 455 4302 apitur,
478 4197 633 4278 improbo,
657 4203 743 4264 certe
763 4205 923 4279 quatenus
946 4219 966 4263 a
988 4197 1193 4280 simplicitate
1208 4219 1346 4289 veroque
