3226 4734
714 272 929 366 A..-

264 472 379 532 nantes
401 471 607 549 opponentur
628 465 785 531 melodiae
810 473 920 531 rectae
937 465 1172 550 paullatimque
1191 465 1387 529 ascendenti.

264 575 329 640 Sed
366 576 425 640 hac
463 576 503 639 de
538 595 573 640 re
596 595 674 644 ‚nen
709 577 788 642 satis
822 581 958 642 constat.
1014 575 1144 658 Legitur
1180 574 1264 639 enim
1301 574 1388 658 apud

264 685 470 750 Plutarchum
503 685 554 764 (de
577 707 657 749 mus.
680 707 710 769 p.
737 695 815 750 1141
843 689 901 769 A),
931 684 1151 752 Archilochum
1180 683 1293 750 haberi
1321 685 1389 750 eius

264 795 492 862 modulationis
515 801 687 860 auctorem.

350 905 450 971 Venio
478 926 564 970 nunc
592 905 634 970 ad
656 905 792 972 alteram
820 912 963 991 partem,
997 912 1034 970 ut
1063 905 1102 970 de
1130 903 1300 969 scoliorum
1329 923 1389 969 usu

263 1015 431 1098 disputem.
476 1014 523 1080 Ao
550 1017 688 1098 primum
716 1018 868 1100 quoniam
895 1015 1052 1083 nonnulla
1078 1037 1118 1080 ex
1146 1014 1196 1078 his
1229 1035 1312 1097 quae
1346 1013 1389 1079 ad

263 1146 355 1189 usum
377 1126 555 1209 pertinent,
583 1126 648 1190 iam
678 1148 777 1210 supra
799 1127 900 1193 allata
922 1133 1013 1206 eunt,
1043 1126 1095 1190 hic
1117 1145 1156 1190 ne
1179 1124 1256 1207 quid
1278 1124 1389 1190 deesse

263 1234 408 1299 videatur
429 1257 541 1300 rursus
564 1236 703 1301 breviter
724 1244 879 1320 repetam.

347 1347 385 1410 In
423 1346 573 1410 conviviis
611 1368 649 1411 ea
687 1367 756 1412 esee
792 1351 926 1412 cantata
962 1351 1125 1410 testantur
1164 1343 1387 1422 Dicaearchus,

263 1454 447 1519 Athenaeus
484 1455 618 1538 aliique;
653 1462 730 1539 post
763 1455 924 1521 coniectae
958 1456 1090 1520 deorum
1124 1454 1236 1520 laudes
1270 1473 1389 1536 easque

180 1645 182 1650 Ι
263 1585 344 1646 quas
365 1587 476 1631 omnes
499 1588 565 1630 una
587 1585 702 1630 canere
725 1566 875 1630 sciverint
898 1566 1077 1630 cantilenas
1099 1565 1181 1630 idem
1206 1565 1388 1630 Athenaeus

263 1672 371 1753 affert,
406 1676 543 1759 denique
572 1697 592 1740 a
618 1675 868 1759 prudentissimo
898 1696 1023 1760 quoque
1052 1683 1084 1741 91
1114 1680 1206 1739 extra
1233 1674 1387 1752 ordinem,

262 1781 328 1848 fere
351 1785 499 1850 omnibus
521 1786 654 1852 videtur.
700 1787 789 1852 Haeo
810 1786 877 1850 fere
900 1793 976 1851 sunt
992 1769 1081 1870 ⁴quae
1111 1785 1154 1849 ad
1180 1805 1248 1848 rem
1276 1782 1389 1850 melius

262 1893 486 1960 illustrandam
510 1901 655 1979 repetere
677 1897 772 1963 volui.
818 1898 883 1963 Iam
907 1897 1066 1979 copiosius
1088 1896 1128 1959 de
1143 1916 1203 1959 usu
1218 1893 1389 1959 scoliorum

262 2003 443 2087 disputabo.
490 2013 534 2072 Ac
554 2007 692 2090 primum
715 2007 879 2073 rideamus
902 2029 966 2100 quq
994 2006 1134 2078 199999
1163 2011 1296 2070 cantata
1324 2004 1390 2069 sint

262 2111 441 2198 quibusque
471 2117 706 2196 occasionibus,
741 2124 809 2182 tum
837 2118 877 2182 de
905 2117 1000 2183 modo
1028 2117 1181 2181 cantandi
1209 2122 1242 2181 et
1269 2115 1324 2198 qui
1350 2135 1390 2179 ea

263 2225 461 2292 recitarint.¹

350 2334 383 2399 Si
415 2337 510 2419 plura
543 2343 746 2420 superessent
783 2337 882 2402 seolia
918 2343 975 2402 991
1011 2337 1125 2401 saltem
1163 2335 1272 2400 omnia
1304 2355 1387 2417 quae

264 2454 436 2528 supersunt
469 2449 568 2512 scolia
604 2454 712 2512 essent
748 2469 917 2531 germana,
967 2446 1198 2530 simplicissime
1234 2467 1285 2510 ree
1318 2466 1388 2510 sese

264 2556 406 2623 haberet.
462 2558 554 2624 Nunc
591 2559 743 2641 quoniam
779 2578 943 2641 perpauca
975 2557 1152 2641 eademque
1184 2555 1388 2621 diversissimi

264 2669 444 2750 argumenti
460 2669 501 2733 ad
517 2691 575 2734 nos
589 2669 717 2752 perlata
732 2675 817 2748 sunt,
833 2690 913 2750 opus
926 2674 976 2733 991
986 2657 1185 2732 coniecturis
1221 2666 1386 2749 Equidem,

264 2785 301 2842 91
322 2780 386 2843 iam
409 2779 484 2864 dixi,
508 2801 580 2844 cum
604 2779 774 2861 paullatim
791 2779 868 2861 qnid
883 2784 990 2843 essent
1006 2799 1045 2843 99
1059 2777 1275 2860 significarent
1289 2778 1389 2842 soolia

263 2889 404 2972 ignorari
426 2896 573 2973 coeptum
597 2896 690 2967 esset,
715 2889 780 2954 alia
801 2897 880 2973 puto
902 2890 941 2955 iis
964 2889 1108 2955 admixta
1136 2910 1206 2953 9999
1234 2910 1319 2971 quae
1346 2889 1388 2953 ad

263 2999 352 3064 illum
376 3021 543 3065 numerum
566 3000 695 3064 minime
716 2999 885 3066 referenda
908 3008 991 3067 sunt.
1037 3001 1089 3064 Sic
1112 3020 1146 3064 se
1168 3021 1219 3064 res
1235 2999 1334 3065 habet
1349 3000 1388 3065 de

265 3111 407 3175 carmine
429 3111 462 3174 in
484 3111 693 3176 Harmodium
724 3118 756 3175 91
786 3112 1042 3193 Aristogitonem.
1088 3109 1162 3175 Aha
1189 3118 1297 3176 autem
1325 3111 1388 3177 alio

263 3222 358 3286 modo
394 3221 470 3285 illuc
502 3222 667 3304 irrepsisse
700 3222 908 3287 statuendum
941 3224 1010 3287 erit.
1065 3222 1108 3285 Et
1139 3228 1226 3286 recte
1259 3223 1388 3305 quidem

264 3331 413 3397 Lehrsius
436 3333 482 3416 (19
498 3340 621 3415 quaest.
639 3353 688 3415 ep.
703 3353 735 3415 p.
753 3337 828 3414 218)
852 3333 985 3412 monuit,
1008 3321 1179 3397 nonnullas
1192 3354 1276 3416 quas
1292 3333 1388 3398 Athe—

263 3464 363 3508 naeus
384 3442 519 3527 protuht
540 3463 673 3526 gnomas
695 3444 786 3508 iuxta
814 3464 883 3508 esse
911 3449 1052 3509 assertas
1074 3441 1137 3508 nbn
1161 3445 1248 3527 quod
1270 3444 1389 3508 similes

262 3553 418 3620 haberent
429 3554 615 3633 sententias,
628 3553 684 3620 sed
696 3560 828 3637 propter
835 3554 937 3619 solam
944 3555 1172 3620 vocabulorum
1185 3555 1389 3638 quorundum

264 3665 513 3729 similitudinem.
563 3664 644 3742 Quid
673 3665 810 3748 denique
842 3672 991 3749 putemus
1019 3666 1059 3730 de
1088 3663 1193 3730 forma
1220 3663 1389 3730 ecoliorum

264 3797 335 3840 cum
359 3775 488 3858 quando
512 3795 552 3840 ea
574 3775 703 3840 conlata
730 3797 770 3841 ac
797 3776 959 3859 descripta
986 3777 1064 3852 9191,
1095 3796 1213 3858 magna
1235 3795 1275 3840 ex
1296 3781 1389 3858 perte

263 3887 359 3968 plane
370 3886 556 3970 ignoretur?
585 3885 647 3950 Sed
659 3886 739 3951 haee
749 3886 870 3952 leviora
885 3892 970 3964 9991,
985 3884 1065 3949 illud
1079 3907 1158 3951 vero·
1169 3885 1389 3969 gravissimum

265 3999 351 4081 quod
374 4019 480 4063 eorum
505 3997 560 4078 qui
582 3996 623 4060 de
645 3995 815 4062 ecoliorum
845 4017 905 4060 usu
935 3995 1057 4078 aliquid
1085 3996 1268 4076 tradidere,
1295 4017 1389 4062 nemo

231 4147 238 4160 ·
262 4108 356 4174 facile
371 4109 485 4174 harum
502 4105 735 4172 cantilenarum
750 4106 993 4172 recitationibus
1007 4107 1076 4190 ipse
1096 4107 1251 4190 interfuit,
1270 4105 1389 4190 quippe
1431 4099 1433 4102 ’

264 4239 350 4304 quae,
370 4217 411 4282 ab
440 4215 502 4283 illie
530 4224 644 4282 utres
673 4239 737 4285 999
766 4217 934 4288 etiamtum
963 4217 1153 4302 persistens,
1187 4238 1297 4282 verum
1324 4217 1390 4283 iam
1427 4211 1429 4216 ’
