3226 4734
803 257 900 324 ld·

261 459 442 528 abhorrent.
473 459 588 543 Itaque
610 481 650 527 ex
665 461 761 528 variis
784 462 823 526 de
847 481 886 526 ea
907 481 942 526 re
964 461 1132 526 sententiis
1148 480 1233 543 quae
1247 460 1406 536 maxime·

186 604 193 618 ·
259 569 440 652 probabilia
467 571 623 652 videntur,
651 572 731 638 haec
758 571 921 654 seligenda
948 578 1032 637 sunt.
1086 572 1186 656 Igitur
1216 571 1293 635 haee
1318 569 1385 636 fore

164 732 168 740 .
261 681 396 745 canendi
419 683 502 748 ratio
526 688 603 748 erat.
635 682 706 747 Non
730 703 840 747 omnes
864 683 1024 762 convivae,
1048 682 1103 747 sed
1118 681 1385 765 prudentissimus

260 791 397 874 quisque
417 791 518 858 soolia
533 793 680 859 canebat.
712 793 827 875 Lyram
852 798 959 856 autem
983 799 1015 857 et
1037 799 1176 876 myrtum
1192 780 1386 858 circumferri

260 901 385 967 solitam
420 923 495 967 esse
520 924 591 968 cum
621 923 731 968 omues
761 901 934 982 affirment,
965 903 1044 967 satis
1073 902 1198 968 videtur
1226 909 1383 968 oonstare.

261 1012 348 1078 Haec
376 1013 473 1094 igitur
501 1013 650 1096 capiebat
667 1013 731 1096 qui
759 1019 949 1080 cantaturus
971 1019 1050 1078 erat.
1100 1013 1188 1090 Quae
1211 1013 1385 1080 scholiasta
1438 1071 1443 1078 .

261 1123 302 1188 ad
326 1123 484 1206 Aristoph.
535 1123 621 1207 Vesp
660 1145 688 1186 v.
722 1131 798 1189 1231
825 1130 931 1189 notat:
961 1129 987 1187 οἱ
1015 1117 1049 1188 δέ
1080 1149 1168 1213 φασιν
1198 1131 1236 1198 ὡς
1260 1126 1327 1198 ἔθος
1349 1119 1384 1195 ἦν

259 1236 312 1300 τὸν
336 1229 500 1323 δυνάμενον
527 1237 633 1308 ἐντοῖς
656 1235 829 1318 συμποσίοις
851 1231 931 1317 ᾆσαι,
949 1231 1060 1324 δάφνης
1083 1241 1185 1299 κλῶνα
1208 1233 1228 1306 ἦ
1250 1236 1385 1324 μυρρίνης
1467 1315 1469 1322 y

260 1345 394 1426 tantm
417 1347 487 1432 πρὸς
509 1354 617 1407 τοῦτον
641 1337 733 1426 ᾅδειν,
765 1343 919 1425 siquidem
949 1365 1025 1409 vera
1054 1351 1139 1422 sunt,
1168 1345 1316 1410 huonon
1340 1343 1384 1408 vi-

260 1454 378 1518 dentur
399 1453 575 1531 referenda,
599 1441 750 1536 quoniam
766 1452 820 1518 ille
836 1455 981 1519 universe
1002 1455 1041 1519 de
1068 1455 1218 1520 conviviis
1233 1454 1383 1538 loquitur,

261 1585 323 1628 uon
347 1564 386 1630 de
409 1583 448 1628 ea
468 1571 562 1647 perte
585 1585 705 1646 eorum,
727 1564 759 1627 in
784 1585 849 1646 qua
871 1565 970 1630 soolia
992 1566 1251 1632 instituebantur.
1283 1564 1385 1630 Simul

260 1695 331 1738 eum
348 1674 397 1738 his
412 1675 508 1740 rebus
523 1651 673 1756 poculum
689 1675 912 1740 circumlatum
928 1695 997 1740 esse
1013 1675 1197 1740 Athenaeus
1209 1674 1384 1762 Polluxque

260 1791 405 1864 narrant,
430 1784 516 1869 quod
538 1784 668 1867 quidem
691 1783 820 1850 credere
843 1806 906 1850 non
928 1786 976 1849 ita
998 1786 1133 1851 multum
1155 1787 1261 1853 refert.

346 1895 409 1959 Sed
431 1917 495 1978 quo
519 1894 629 1959 ordine
646 1895 792 1961 convivae
808 1895 971 1960 cantarint
993 1918 1120 1980 quoque
1138 1898 1242 1976 modo,
1267 1917 1384 1979 magna

261 2005 366 2071 adhue
388 2005 544 2070 dissensio
567 2011 625 2072 est.
661 2005 791 2089 Injuria,
816 2011 851 2070 ut
873 2005 949 2070 mihi
972 2007 1105 2074 videtur.
1144 2006 1384 2091 simplicissima

260 2117 343 2180 enim
367 2136 418 2181 res
441 2121 499 2195 est,
529 2114 701 2181 dummodo
723 2137 763 2181 ne
786 2115 984 2181 difficultatis
1000 2117 1138 2198 speeiem
1161 2138 1306 2202 quaeras,
1330 2116 1385 2181 ubi

261 2218 350 2292 n'ulla
372 2247 407 2291 re
429 2247 505 2291 vera
528 2225 702 2292 obiicitur.'
728 2225 793 2291 Gur
815 2233 934 2292 certam
957 2227 1099 2310 regulam
1122 2233 1246 2294 ueteres
1268 2228 1299 2291 in
1323 2227 1385 2291 hae

260 2358 295 2401 re
328 2337 389 2402 sibi
416 2338 566 2404 statuisse
593 2337 730 2422 putandi
758 2337 822 2401 sint
851 2339 998 2421 equidem
1026 2358 1089 2402 non
1119 2337 1209 2404 video
1244 2356 1383 2403 causam.

171 2496 174 2501 .
260 2448 328 2511 Imo
351 2436 539 2512 dissolutum
563 2470 600 2512 ao
622 2447 718 2531 plane
740 2447 876 2514 liberum
898 2447 995 2544 fuisse
1011 2449 1154 2515 ordinem
1178 2471 1250 2516 eum
1271 2437 1329 2532 per
1351 2469 1385 2512 se

261 2558 303 2623 sit
378 2557 642 2641 simplicissimum
719 2553 926 2642 maximeque
1007 2559 1175 2625 seoliorum
1248 2566 1384 2625 naturae

261 2674 523 2748 consentaneum,
552 2675 621 2733 tum
654 2669 731 2752 ipsis
770 2677 912 2734 veterum
935 2671 1125 2736 testimoniis
1157 2670 1314 2755 probatur
1352 2675 1384 2734 et

261 2771 476 2845 confirmatur.
507 2779 627 2856 Quodsi
649 2773 696 2844 illi
717 2779 867 2844 inflexum
892 2785 1125 2847 et'tortuosum
1150 2802 1219 2846 esse
1241 2782 1384 2852 ordinem

261 2889 380 2969 dieunt,
408 2891 440 2954 in
472 2890 553 2956 duas
574 2896 685 2974 partes
708 2892 936 2958 secerneudem
963 2899 1042 2976 puto
1069 2892 1157 2973 illam
1182 2895 1384 2974 seutentiam,

261 3019 397 3082 quarum
421 2999 524 3065 altera
538 3002 717 3084 probanda,
741 3001 844 3068 altera
867 3003 1047 3086 respuenda
1069 3010 1127 3068 est.
1160 3003 1277 3069 Verum
1300 2995 1384 3070 enim
1409 3047 1414 3057 -

260 3109 365 3175 habeo
389 3111 531 3175 ordinem
555 3132 618 3176 non
641 3111 738 3177 fuisse
761 3119 892 3189 certum,
924 3112 1007 3178 falsa
1029 3133 1112 3196 quae
1134 3114 1173 3181 de
1195 3113 1384 3180 lectulorum

261 3220 372 3286 ordine
406 3228 463 3286 aut
490 3221 606 3286 similia
634 3229 809 3287 narrantur
837 3245 895 3288 nee
921 3243 985 3289 non
1015 3229 1126 3290 natum
1154 3224 1229 3289 inde
1252 3225 1384 3291 cantile-

261 3323 376 3395 narum
399 3353 523 3397 nomen.
564 3332 644 3428 iliud
668 3353 742 3398 vero
764 3332 858 3399 facile
881 3335 1030 3412 concedo,
1052 3335 1283 3418 posterioribus
1304 3342 1384 3401 tem·

264 3443 395 3525 poribus
429 3464 500 3508 cum
535 3443 574 3508 de
606 3444 712 3527 priseo
745 3444 800 3510 ilio
830 3466 922 3512 more¹
948 3445 1096 3511 vhomines
1124 3446 1303 3529 cogitarint,
1328 3454 1385 3512 aut

262 3554 432 3619 rest'tuere
465 3574 537 3618 eum
572 3554 739 3634 volueriut,
773 3576 942 3639 perversae
975 3556 1133 3639 opinionis
1166 3577 1243 3622 suae
1280 3558 1385 3641 gratia

262 3662 343 3728 tales
376 3663 514 3729 fortasse
544 3665 576 3728 in
600 3665 746 3732 canendo
779 3667 867 3732 lusus
899 3666 1029 3732 tinxisse
1057 3666 1193 3750 novique
1221 3655 1298 3752 quid
1326 3689 1384 3752 pro

262 3780 387 3838 vetusto
409 3773 567 3841 habuisse.
624 3775 824 3860 Quamquam
857 3778 917 3842 hoe
949 3777 1056 3861 potius
1089 3784 1232 3844 statuere
1265 3779 1384 3858 malim,

200 3873 204 3884 ’
261 3885 348 3968 ipsos
370 3886 425 3968 qui
458 3885 506 3974 de·
526 3886 631 3952 seoliis
660 3887 844 3971 prodidere,
873 3909 940 3972 rem
968 3888 1136 3954 etiamtum
1161 3889 1303 3974 ignotam
1326 3910 1385 3955 sua

251 3999 420 4078 {quemque
444 3997 635 4078 cogitatione
659 3995 879 4080 explicandam
904 3998 1089 4080 suscepisse.
1136 4001 1216 4064 Utut
1243 4002 1384 4080 honest,

261 4105 340 4170 illud
374 4127 466 4170 nemo
489 4108 628 4189 negabit,
662 4109 792 4191 opinor‚'
821 4115 962 4174 veterum
996 4110 1035 4174 de
1062 4111 1126 4175 ista
1150 4131 1186 4175 re
1208 4111 1384 4174 sententias

262 4237 327 4282 non
354 4218 402 4283 ita
428 4217 612 4301 probandas
639 4239 708 4285 esse
736 4218 851 4303 quibus
865 4221 988 4314 statim
1018 4221 1246 4304 assentiemur3
1276 4241 1385 4285 verum
